Time,Ask,Bid,AskVolume,BidVolume
01.01.2014 00:00:01.449,1.50100,1.49900,2.4600,2.2000
01.01.2014 00:00:02.826,1.50099,1.49899,1.1200,2.7300
01.01.2014 00:00:04.384,1.50101,1.49901,1.0400,2.9400
01.01.2014 00:00:05.737,1.50102,1.49902,1.3600,1.3700
01.01.2014 00:00:07.161,1.50098,1.49898,1.8600,1.5800
01.01.2014 00:00:08.460,1.50099,1.49899,1.5800,1.7300
01.01.2014 00:00:10.006,1.50099,1.49899,1.4000,2.0300
01.01.2014 00:00:11.352,1.50099,1.49899,2.2200,1.3400
01.01.2014 00:00:12.692,1.50098,1.49898,2.3700,1.8800
01.01.2014 00:00:14.090,1.50097,1.49897,1.0700,2.8200
01.01.2014 00:00:15.573,1.50094,1.49894,1.6200,2.0400
01.01.2014 00:00:16.840,1.50095,1.49895,2.9400,2.5500
01.01.2014 00:00:18.314,1.50095,1.49895,1.1800,1.3900
01.01.2014 00:00:19.702,1.50095,1.49895,1.7800,1.5400
01.01.2014 00:00:21.056,1.50096,1.49896,1.5600,2.0900
01.01.2014 00:00:22.488,1.50096,1.49896,1.1500,2.9700
01.01.2014 00:00:23.821,1.50097,1.49897,1.0100,2.6300
01.01.2014 00:00:25.324,1.50098,1.49898,2.5400,1.1500
01.01.2014 00:00:26.640,1.50098,1.49898,2.7300,2.2500
01.01.2014 00:00:27.992,1.50097,1.49897,1.6200,1.6500
01.01.2014 00:00:29.473,1.50100,1.49900,2.7700,1.9400
01.01.2014 00:00:30.909,1.50099,1.49899,2.5200,2.1200
01.01.2014 00:00:32.306,1.50101,1.49901,2.0500,1.8600
01.01.2014 00:00:33.715,1.50101,1.49901,1.6300,2.0200
01.01.2014 00:00:35.093,1.50101,1.49901,1.8200,2.5100
01.01.2014 00:00:36.412,1.50100,1.49900,2.8600,2.6200
01.01.2014 00:00:37.903,1.50101,1.49901,2.6100,1.3700
01.01.2014 00:00:39.313,1.50103,1.49903,2.6100,2.7900
01.01.2014 00:00:40.643,1.50102,1.49902,1.4600,1.8500
01.01.2014 00:00:42.072,1.50103,1.49903,1.0100,2.0200
01.01.2014 00:00:43.331,1.50102,1.49902,1.2400,1.6800
01.01.2014 00:00:44.715,1.50103,1.49903,2.0400,2.4100
01.01.2014 00:00:46.140,1.50102,1.49902,2.9200,1.5000
01.01.2014 00:00:47.349,1.50102,1.49902,1.5700,1.0700
01.01.2014 00:00:48.755,1.50106,1.49906,1.1000,1.5600
01.01.2014 00:00:50.135,1.50107,1.49907,1.2900,1.9800
01.01.2014 00:00:51.650,1.50108,1.49908,1.4800,2.4600
01.01.2014 00:00:53.190,1.50106,1.49906,2.2700,2.0700
01.01.2014 00:00:54.491,1.50105,1.49905,1.0800,2.1800
01.01.2014 00:00:55.736,1.50105,1.49905,2.2900,1.3500
01.01.2014 00:00:57.044,1.50107,1.49907,2.8700,1.2800
01.01.2014 00:00:58.366,1.50107,1.49907,2.8500,2.7500
01.01.2014 00:00:59.847,1.50105,1.49905,2.6300,2.1100
01.01.2014 00:01:01.086,1.50105,1.49905,1.1900,2.7900
01.01.2014 00:01:02.512,1.50106,1.49906,1.6800,1.7000
01.01.2014 00:01:03.964,1.50107,1.49907,2.7700,2.5600
01.01.2014 00:01:05.296,1.50107,1.49907,1.3200,2.8000
01.01.2014 00:01:06.726,1.50106,1.49906,1.0100,1.3200
01.01.2014 00:01:08.312,1.50107,1.49907,2.3000,1.4500
01.01.2014 00:01:09.615,1.50108,1.49908,1.6500,2.4900
01.01.2014 00:01:11.111,1.50109,1.49909,2.3200,2.1400
01.01.2014 00:01:12.487,1.50108,1.49908,1.5300,1.4900
01.01.2014 00:01:13.879,1.50108,1.49908,2.7800,2.2600
01.01.2014 00:01:15.280,1.50110,1.49910,2.1500,1.9900
01.01.2014 00:01:16.743,1.50109,1.49909,1.5600,1.0500
01.01.2014 00:01:18.036,1.50110,1.49910,2.8800,2.9100
01.01.2014 00:01:19.413,1.50111,1.49911,1.0300,2.8600
01.01.2014 00:01:20.861,1.50111,1.49911,2.9300,2.7100
01.01.2014 00:01:22.176,1.50108,1.49908,2.7000,1.6300
01.01.2014 00:01:23.597,1.50106,1.49906,2.8700,2.3900
01.01.2014 00:01:24.909,1.50107,1.49907,2.2300,2.9800
01.01.2014 00:01:26.315,1.50105,1.49905,2.7500,2.4800
01.01.2014 00:01:27.823,1.50107,1.49907,1.7200,1.5900
01.01.2014 00:01:29.275,1.50107,1.49907,2.7300,2.8300
01.01.2014 00:01:30.726,1.50114,1.49914,2.6000,2.3000
01.01.2014 00:01:32.221,1.50115,1.49915,2.7800,1.6800
01.01.2014 00:01:33.544,1.50115,1.49915,2.1600,1.0700
01.01.2014 00:01:35.176,1.50111,1.49911,1.5700,2.1800
01.01.2014 00:01:36.528,1.50113,1.49913,1.2500,2.0400
01.01.2014 00:01:37.857,1.50114,1.49914,2.2500,1.1700
01.01.2014 00:01:39.261,1.50113,1.49913,2.0800,2.2700
01.01.2014 00:01:40.459,1.50113,1.49913,2.5900,1.5400
01.01.2014 00:01:41.780,1.50113,1.49913,1.0500,2.9300
01.01.2014 00:01:43.230,1.50114,1.49914,1.8200,1.3500
01.01.2014 00:01:44.583,1.50113,1.49913,2.1000,2.4300
01.01.2014 00:01:45.857,1.50115,1.49915,2.9100,2.4800
01.01.2014 00:01:47.469,1.50117,1.49917,1.8400,1.5000
01.01.2014 00:01:48.996,1.50115,1.49915,1.0300,1.2300
01.01.2014 00:01:50.440,1.50117,1.49917,1.9500,1.2000
01.01.2014 00:01:51.516,1.50115,1.49915,1.3500,1.8700
01.01.2014 00:01:53.079,1.50113,1.49913,2.2700,1.0900
01.01.2014 00:01:54.623,1.50110,1.49910,2.0100,2.7100
01.01.2014 00:01:55.925,1.50111,1.49911,1.1400,2.2800
01.01.2014 00:01:57.332,1.50110,1.49910,2.8800,2.1500
01.01.2014 00:01:58.891,1.50108,1.49908,1.9200,2.0900
01.01.2014 00:02:00.275,1.50109,1.49909,2.9200,2.8100
01.01.2014 00:02:01.704,1.50108,1.49908,1.1400,1.6400
01.01.2014 00:02:03.045,1.50109,1.49909,1.2400,2.3900
01.01.2014 00:02:04.535,1.50110,1.49910,2.4700,2.6100
01.01.2014 00:02:05.852,1.50109,1.49909,2.5000,2.6100
01.01.2014 00:02:07.250,1.50109,1.49909,1.7400,2.5500
01.01.2014 00:02:08.704,1.50109,1.49909,2.7200,1.8600
01.01.2014 00:02:10.187,1.50110,1.49910,1.2100,2.8100
01.01.2014 00:02:11.717,1.50110,1.49910,1.6400,2.7900
01.01.2014 00:02:13.150,1.50110,1.49910,2.9000,2.1500
01.01.2014 00:02:14.468,1.50113,1.49913,1.5900,1.6600
01.01.2014 00:02:15.984,1.50115,1.49915,2.5800,2.5800
01.01.2014 00:02:17.383,1.50113,1.49913,1.1200,2.1000
01.01.2014 00:02:18.880,1.50113,1.49913,1.7000,1.2300
01.01.2014 00:02:20.321,1.50112,1.49912,2.2400,1.2000
01.01.2014 00:02:21.746,1.50111,1.49911,1.1500,2.6400
01.01.2014 00:02:23.099,1.50112,1.49912,1.1700,2.9700
01.01.2014 00:02:24.354,1.50109,1.49909,2.6300,2.8900
01.01.2014 00:02:25.682,1.50109,1.49909,2.5500,2.1200
01.01.2014 00:02:27.168,1.50109,1.49909,1.2200,1.9900
01.01.2014 00:02:28.566,1.50108,1.49908,1.1100,1.2400
01.01.2014 00:02:29.998,1.50107,1.49907,2.4900,2.1700
01.01.2014 00:02:31.387,1.50108,1.49908,1.5700,2.7400
01.01.2014 00:02:32.810,1.50108,1.49908,1.1500,2.1100
01.01.2014 00:02:34.212,1.50109,1.49909,2.2600,2.3900
01.01.2014 00:02:35.828,1.50107,1.49907,2.1700,2.8000
01.01.2014 00:02:37.447,1.50106,1.49906,1.5500,1.3800
01.01.2014 00:02:38.634,1.50105,1.49905,2.1700,1.1600
01.01.2014 00:02:40.068,1.50108,1.49908,1.6200,2.6300
01.01.2014 00:02:41.378,1.50109,1.49909,2.8200,2.6500
01.01.2014 00:02:42.646,1.50111,1.49911,2.8700,2.7300
01.01.2014 00:02:44.164,1.50111,1.49911,2.9700,1.3000
01.01.2014 00:02:45.393,1.50112,1.49912,2.9400,2.6800
01.01.2014 00:02:46.782,1.50114,1.49914,1.8300,1.5500
01.01.2014 00:02:48.182,1.50115,1.49915,2.5400,2.8900
01.01.2014 00:02:49.537,1.50116,1.49916,1.9000,1.2600
01.01.2014 00:02:50.949,1.50116,1.49916,1.4600,2.3400
01.01.2014 00:02:52.196,1.50118,1.49918,1.2300,2.3400
01.01.2014 00:02:53.751,1.50118,1.49918,2.0400,2.7000
01.01.2014 00:02:55.357,1.50122,1.49922,2.7500,1.8100
01.01.2014 00:02:56.822,1.50124,1.49924,2.4100,1.4300
01.01.2014 00:02:58.327,1.50121,1.49921,1.7800,1.8700
01.01.2014 00:02:59.700,1.50122,1.49922,2.0300,2.5700
01.01.2014 00:03:01.263,1.50120,1.49920,2.7200,2.9000
01.01.2014 00:03:02.493,1.50120,1.49920,1.9200,2.9600
01.01.2014 00:03:03.686,1.50119,1.49919,2.2700,1.4800
01.01.2014 00:03:05.123,1.50118,1.49918,1.3600,1.6900
01.01.2014 00:03:06.517,1.50119,1.49919,2.3400,1.3400
01.01.2014 00:03:07.864,1.50118,1.49918,1.3500,1.1800
01.01.2014 00:03:09.253,1.50116,1.49916,1.4100,1.7300
01.01.2014 00:03:10.849,1.50117,1.49917,1.0800,2.6000
01.01.2014 00:03:12.179,1.50117,1.49917,2.7500,2.8400
01.01.2014 00:03:13.568,1.50116,1.49916,2.6100,2.5000
01.01.2014 00:03:14.915,1.50116,1.49916,1.7400,1.9700
01.01.2014 00:03:16.164,1.50118,1.49918,1.9300,2.4900
01.01.2014 00:03:17.621,1.50118,1.49918,2.0200,2.0600
01.01.2014 00:03:19.008,1.50117,1.49917,2.0700,1.4800
01.01.2014 00:03:20.333,1.50114,1.49914,1.0400,1.6400
01.01.2014 00:03:21.668,1.50113,1.49913,1.2400,2.7800
01.01.2014 00:03:23.237,1.50114,1.49914,2.5800,2.0000
01.01.2014 00:03:24.645,1.50113,1.49913,2.1700,2.4900
01.01.2014 00:03:25.941,1.50113,1.49913,1.5700,1.7300
01.01.2014 00:03:27.433,1.50116,1.49916,1.7100,2.9700
01.01.2014 00:03:28.694,1.50117,1.49917,1.2000,1.3100
01.01.2014 00:03:30.029,1.50116,1.49916,1.3700,1.5700
01.01.2014 00:03:31.433,1.50115,1.49915,1.8200,2.9600
01.01.2014 00:03:32.809,1.50113,1.49913,2.9400,2.7300
01.01.2014 00:03:34.152,1.50114,1.49914,1.3400,2.3400
01.01.2014 00:03:35.562,1.50116,1.49916,2.1400,1.5600
01.01.2014 00:03:36.895,1.50116,1.49916,1.6500,1.8500
01.01.2014 00:03:38.133,1.50117,1.49917,1.2300,2.2200
01.01.2014 00:03:39.597,1.50114,1.49914,1.3100,1.9600
01.01.2014 00:03:40.931,1.50114,1.49914,1.6700,1.2700
01.01.2014 00:03:42.432,1.50113,1.49913,1.5100,2.3600
01.01.2014 00:03:43.885,1.50115,1.49915,1.9400,1.8200
01.01.2014 00:03:45.343,1.50115,1.49915,2.6600,2.9300
01.01.2014 00:03:46.780,1.50114,1.49914,2.8800,1.3600
01.01.2014 00:03:48.189,1.50114,1.49914,2.1500,2.6800
01.01.2014 00:03:49.622,1.50113,1.49913,1.4000,1.3300
01.01.2014 00:03:51.062,1.50112,1.49912,2.3300,2.0500
01.01.2014 00:03:52.549,1.50112,1.49912,1.7800,2.6300
01.01.2014 00:03:53.745,1.50110,1.49910,1.9300,1.6000
01.01.2014 00:03:55.147,1.50113,1.49913,1.4600,2.8000
01.01.2014 00:03:56.630,1.50109,1.49909,2.8100,2.2500
01.01.2014 00:03:57.882,1.50111,1.49911,1.2800,2.5900
01.01.2014 00:03:59.345,1.50115,1.49915,2.7900,2.5800
01.01.2014 00:04:00.699,1.50113,1.49913,1.5000,2.4900
01.01.2014 00:04:02.106,1.50113,1.49913,2.5200,2.7500
01.01.2014 00:04:03.610,1.50112,1.49912,1.2200,2.6900
01.01.2014 00:04:04.983,1.50110,1.49910,2.5900,1.3000
01.01.2014 00:04:06.459,1.50109,1.49909,2.4400,2.2800
01.01.2014 00:04:07.900,1.50112,1.49912,1.5000,1.6900
01.01.2014 00:04:09.122,1.50114,1.49914,1.9200,2.8900
01.01.2014 00:04:10.550,1.50112,1.49912,2.0100,2.2200
01.01.2014 00:04:11.961,1.50113,1.49913,2.3900,2.8400
01.01.2014 00:04:13.282,1.50114,1.49914,2.1500,2.2100
01.01.2014 00:04:14.842,1.50113,1.49913,2.8700,2.8500
01.01.2014 00:04:16.143,1.50113,1.49913,2.9700,2.6800
01.01.2014 00:04:17.548,1.50115,1.49915,2.1800,1.8000
01.01.2014 00:04:18.932,1.50114,1.49914,2.6100,1.0100
01.01.2014 00:04:20.231,1.50111,1.49911,2.0700,2.8400
01.01.2014 00:04:21.502,1.50109,1.49909,2.4800,1.9000
01.01.2014 00:04:22.876,1.50107,1.49907,1.2800,1.3500
01.01.2014 00:04:24.007,1.50107,1.49907,2.8300,1.7200
01.01.2014 00:04:25.591,1.50109,1.49909,1.0300,2.3300
01.01.2014 00:04:26.965,1.50107,1.49907,1.1700,2.9900
01.01.2014 00:04:28.622,1.50107,1.49907,1.1300,2.5000
01.01.2014 00:04:30.042,1.50107,1.49907,1.4100,1.3800
01.01.2014 00:04:31.438,1.50106,1.49906,2.1300,1.1300
01.01.2014 00:04:32.813,1.50109,1.49909,2.0500,1.8800
01.01.2014 00:04:34.338,1.50105,1.49905,1.3100,1.3600
01.01.2014 00:04:35.597,1.50104,1.49904,2.2900,1.8200
01.01.2014 00:04:37.090,1.50106,1.49906,1.0500,1.4400
01.01.2014 00:04:38.563,1.50104,1.49904,1.0400,1.2100
01.01.2014 00:04:39.910,1.50105,1.49905,2.3100,1.4800
01.01.2014 00:04:41.286,1.50104,1.49904,2.4400,2.7100
01.01.2014 00:04:42.650,1.50106,1.49906,2.3400,1.4100
01.01.2014 00:04:44.109,1.50106,1.49906,1.0300,1.1700
01.01.2014 00:04:45.542,1.50104,1.49904,1.8400,2.7900
01.01.2014 00:04:46.890,1.50105,1.49905,1.5200,1.7600
01.01.2014 00:04:48.134,1.50106,1.49906,2.2500,1.8200
01.01.2014 00:04:49.326,1.50108,1.49908,1.5900,2.9000
01.01.2014 00:04:50.671,1.50109,1.49909,2.7400,1.9700
01.01.2014 00:04:52.083,1.50109,1.49909,1.8500,1.0400
01.01.2014 00:04:53.513,1.50106,1.49906,2.2700,1.5200
01.01.2014 00:04:54.931,1.50106,1.49906,2.9700,2.0500
01.01.2014 00:04:56.277,1.50105,1.49905,1.0400,2.8300
01.01.2014 00:04:57.696,1.50103,1.49903,1.5500,2.1100
01.01.2014 00:04:59.199,1.50104,1.49904,1.4100,1.0200
01.01.2014 00:05:00.625,1.50106,1.49906,2.2000,2.3300
01.01.2014 00:05:01.841,1.50104,1.49904,2.0400,1.0900
01.01.2014 00:05:03.292,1.50103,1.49903,1.1700,2.2100
01.01.2014 00:05:04.631,1.50101,1.49901,1.5800,1.7100
01.01.2014 00:05:05.934,1.50102,1.49902,2.1300,1.9500
01.01.2014 00:05:07.383,1.50102,1.49902,2.4700,1.4300
01.01.2014 00:05:08.725,1.50103,1.49903,1.9900,2.1900
01.01.2014 00:05:10.240,1.50101,1.49901,1.2100,1.1500
01.01.2014 00:05:11.637,1.50104,1.49904,2.3800,1.8700
01.01.2014 00:05:13.108,1.50103,1.49903,2.6000,2.3900
01.01.2014 00:05:14.570,1.50101,1.49901,1.7200,1.1800
01.01.2014 00:05:15.962,1.50102,1.49902,1.3700,2.0800
01.01.2014 00:05:17.400,1.50103,1.49903,2.6100,2.3200
01.01.2014 00:05:18.884,1.50103,1.49903,1.5000,1.9800
01.01.2014 00:05:20.327,1.50104,1.49904,1.3600,2.1400
01.01.2014 00:05:21.619,1.50105,1.49905,2.8500,2.9400
01.01.2014 00:05:23.015,1.50107,1.49907,2.7200,2.6900
01.01.2014 00:05:24.508,1.50106,1.49906,1.0700,2.1900
01.01.2014 00:05:25.865,1.50105,1.49905,1.1500,2.3900
01.01.2014 00:05:27.391,1.50104,1.49904,1.1300,1.6300
01.01.2014 00:05:28.935,1.50104,1.49904,1.6400,2.2500
01.01.2014 00:05:30.362,1.50105,1.49905,1.4700,1.0500
01.01.2014 00:05:31.770,1.50107,1.49907,2.8800,2.6000
01.01.2014 00:05:33.118,1.50109,1.49909,1.9600,2.2600
01.01.2014 00:05:34.474,1.50112,1.49912,1.8400,2.4800
01.01.2014 00:05:35.832,1.50111,1.49911,1.7100,1.5700
01.01.2014 00:05:37.131,1.50110,1.49910,1.0800,1.0400
01.01.2014 00:05:38.528,1.50110,1.49910,1.7700,2.3600
01.01.2014 00:05:40.026,1.50110,1.49910,2.8900,1.9300
01.01.2014 00:05:41.314,1.50111,1.49911,2.9800,1.4600
01.01.2014 00:05:42.731,1.50111,1.49911,2.2200,2.0300
01.01.2014 00:05:44.067,1.50111,1.49911,1.4400,1.3700
01.01.2014 00:05:45.403,1.50112,1.49912,1.1200,2.9400
01.01.2014 00:05:46.945,1.50111,1.49911,2.3900,1.3100
01.01.2014 00:05:48.290,1.50112,1.49912,1.4500,2.0700
01.01.2014 00:05:49.845,1.50116,1.49916,1.1800,2.7500
01.01.2014 00:05:51.184,1.50115,1.49915,2.7800,2.9100
01.01.2014 00:05:52.612,1.50116,1.49916,2.3100,2.1000
01.01.2014 00:05:53.994,1.50114,1.49914,1.7500,1.5200
01.01.2014 00:05:55.391,1.50117,1.49917,1.1600,1.4400
01.01.2014 00:05:56.739,1.50118,1.49918,2.7000,1.9900
01.01.2014 00:05:58.392,1.50117,1.49917,2.6500,1.7000
01.01.2014 00:05:59.860,1.50120,1.49920,1.5300,2.7600
01.01.2014 00:06:01.319,1.50122,1.49922,2.7000,2.7300
01.01.2014 00:06:02.801,1.50122,1.49922,2.3900,2.3600
01.01.2014 00:06:04.340,1.50124,1.49924,1.3200,2.7600
01.01.2014 00:06:05.723,1.50124,1.49924,1.6700,2.4900
01.01.2014 00:06:07.160,1.50123,1.49923,2.6600,2.0100
01.01.2014 00:06:08.579,1.50123,1.49923,2.2600,1.5200
01.01.2014 00:06:10.043,1.50127,1.49927,2.5600,1.2100
01.01.2014 00:06:11.468,1.50129,1.49929,2.9300,1.6800
01.01.2014 00:06:12.929,1.50130,1.49930,1.2100,2.8700
01.01.2014 00:06:14.285,1.50130,1.49930,1.6000,2.4200
01.01.2014 00:06:15.698,1.50129,1.49929,1.6900,2.2400
01.01.2014 00:06:17.042,1.50130,1.49930,2.5200,1.0500
01.01.2014 00:06:18.598,1.50129,1.49929,2.3700,1.8900
01.01.2014 00:06:19.854,1.50126,1.49926,1.3300,2.5900
01.01.2014 00:06:21.152,1.50127,1.49927,1.1600,2.3600
01.01.2014 00:06:22.424,1.50129,1.49929,2.9000,1.3000
01.01.2014 00:06:23.889,1.50128,1.49928,1.8400,2.2800
01.01.2014 00:06:25.136,1.50127,1.49927,2.9700,1.8200
01.01.2014 00:06:26.512,1.50128,1.49928,1.4300,1.0600
01.01.2014 00:06:27.787,1.50130,1.49930,2.7300,1.9500
01.01.2014 00:06:29.221,1.50131,1.49931,2.5400,2.6900
01.01.2014 00:06:30.685,1.50133,1.49933,1.2600,1.0700
01.01.2014 00:06:32.105,1.50134,1.49934,2.5900,1.9600
01.01.2014 00:06:33.437,1.50137,1.49937,1.4000,1.9800
01.01.2014 00:06:34.850,1.50136,1.49936,1.5400,2.6000
01.01.2014 00:06:36.205,1.50133,1.49933,1.0200,1.1400
01.01.2014 00:06:37.560,1.50129,1.49929,2.2000,1.5800
01.01.2014 00:06:39.039,1.50130,1.49930,2.5600,1.0800
01.01.2014 00:06:40.342,1.50130,1.49930,1.4800,2.9700
01.01.2014 00:06:41.742,1.50128,1.49928,2.2400,2.4000
01.01.2014 00:06:43.120,1.50128,1.49928,1.6500,2.0400
01.01.2014 00:06:44.495,1.50127,1.49927,1.0700,1.1600
01.01.2014 00:06:45.795,1.50126,1.49926,2.1400,2.3800
01.01.2014 00:06:47.138,1.50127,1.49927,1.3300,1.2100
01.01.2014 00:06:48.678,1.50129,1.49929,1.0600,2.8700
01.01.2014 00:06:50.084,1.50128,1.49928,2.4200,2.7400
01.01.2014 00:06:51.573,1.50129,1.49929,1.6800,2.6300
01.01.2014 00:06:53.105,1.50129,1.49929,1.9000,2.2900
01.01.2014 00:06:54.678,1.50130,1.49930,1.1600,1.1200
01.01.2014 00:06:56.013,1.50129,1.49929,2.7400,1.4400
01.01.2014 00:06:57.466,1.50128,1.49928,2.3200,2.0000
01.01.2014 00:06:59.038,1.50129,1.49929,1.4600,2.9900
01.01.2014 00:07:00.442,1.50129,1.49929,1.4000,2.3600
01.01.2014 00:07:01.816,1.50126,1.49926,2.7400,2.4500
01.01.2014 00:07:03.168,1.50129,1.49929,1.6900,1.7400
01.01.2014 00:07:04.591,1.50131,1.49931,1.8800,2.4500
01.01.2014 00:07:06.098,1.50131,1.49931,2.8000,1.8400
01.01.2014 00:07:07.564,1.50128,1.49928,2.8200,1.4200
01.01.2014 00:07:09.111,1.50130,1.49930,2.4700,1.2600
01.01.2014 00:07:10.561,1.50131,1.49931,1.3600,1.4800
01.01.2014 00:07:11.958,1.50133,1.49933,1.4900,2.7400
01.01.2014 00:07:13.435,1.50128,1.49928,1.7200,2.1900
01.01.2014 00:07:14.799,1.50126,1.49926,2.9400,1.5200
01.01.2014 00:07:16.070,1.50128,1.49928,2.5500,1.2600
01.01.2014 00:07:17.465,1.50128,1.49928,1.4700,1.1500
01.01.2014 00:07:18.873,1.50126,1.49926,1.6700,2.6600
01.01.2014 00:07:20.117,1.50126,1.49926,2.2300,2.4100
01.01.2014 00:07:21.482,1.50125,1.49925,1.0700,2.4700
01.01.2014 00:07:22.850,1.50129,1.49929,2.6900,2.6100
01.01.2014 00:07:24.353,1.50129,1.49929,1.4100,1.2200
01.01.2014 00:07:25.746,1.50129,1.49929,2.0600,2.8700
01.01.2014 00:07:27.219,1.50129,1.49929,1.6300,2.0100
01.01.2014 00:07:28.711,1.50129,1.49929,1.9100,2.0300
01.01.2014 00:07:30.319,1.50129,1.49929,1.2800,1.0600
01.01.2014 00:07:31.830,1.50127,1.49927,1.4000,2.3500
01.01.2014 00:07:33.168,1.50130,1.49930,2.7400,1.3500
01.01.2014 00:07:34.655,1.50131,1.49931,2.8900,2.3700
01.01.2014 00:07:36.295,1.50131,1.49931,2.7400,2.1400
01.01.2014 00:07:37.806,1.50133,1.49933,1.4300,2.3200
01.01.2014 00:07:39.369,1.50131,1.49931,1.2100,2.3200
01.01.2014 00:07:40.763,1.50131,1.49931,2.7400,2.5600
01.01.2014 00:07:42.324,1.50132,1.49932,2.7600,1.8100
01.01.2014 00:07:43.843,1.50130,1.49930,2.6200,2.5200
01.01.2014 00:07:45.213,1.50132,1.49932,2.6400,1.2400
01.01.2014 00:07:46.596,1.50132,1.49932,1.6500,1.7300
01.01.2014 00:07:48.155,1.50131,1.49931,1.7800,1.9000
01.01.2014 00:07:49.492,1.50129,1.49929,1.4500,1.1500
01.01.2014 00:07:51.056,1.50131,1.49931,2.2400,1.9300
01.01.2014 00:07:52.554,1.50130,1.49930,2.0400,1.9600
01.01.2014 00:07:53.815,1.50128,1.49928,2.1600,2.0700
01.01.2014 00:07:55.353,1.50129,1.49929,2.6300,2.4400
01.01.2014 00:07:56.829,1.50129,1.49929,1.4900,2.8500
01.01.2014 00:07:58.154,1.50129,1.49929,1.9700,1.5100
01.01.2014 00:07:59.455,1.50127,1.49927,2.6100,2.0800
01.01.2014 00:08:00.947,1.50124,1.49924,2.4300,1.5500
01.01.2014 00:08:02.249,1.50124,1.49924,1.3600,2.3600
01.01.2014 00:08:03.659,1.50122,1.49922,2.4200,1.2100
01.01.2014 00:08:04.900,1.50122,1.49922,2.9300,1.9700
01.01.2014 00:08:06.322,1.50125,1.49925,1.0900,2.2700
01.01.2014 00:08:07.734,1.50126,1.49926,2.6400,2.7700
01.01.2014 00:08:09.064,1.50125,1.49925,2.2200,1.8200
01.01.2014 00:08:10.340,1.50124,1.49924,2.5600,1.5500
01.01.2014 00:08:11.710,1.50126,1.49926,2.3400,1.1900
01.01.2014 00:08:13.027,1.50129,1.49929,2.1700,1.3400
01.01.2014 00:08:14.490,1.50129,1.49929,1.4300,1.1900
01.01.2014 00:08:15.895,1.50129,1.49929,2.2100,2.0900
01.01.2014 00:08:17.239,1.50127,1.49927,2.1900,1.9900
01.01.2014 00:08:18.559,1.50130,1.49930,1.8600,2.4400
01.01.2014 00:08:20.015,1.50132,1.49932,1.5500,1.1600
01.01.2014 00:08:21.357,1.50131,1.49931,1.4500,1.7100
01.01.2014 00:08:22.761,1.50130,1.49930,1.1400,2.6000
01.01.2014 00:08:24.184,1.50127,1.49927,2.7600,2.3000
01.01.2014 00:08:25.385,1.50127,1.49927,1.6700,2.3400
01.01.2014 00:08:26.952,1.50128,1.49928,1.9300,1.1200
01.01.2014 00:08:28.408,1.50128,1.49928,1.3500,2.3800
01.01.2014 00:08:29.825,1.50126,1.49926,1.1900,1.9000
01.01.2014 00:08:31.151,1.50128,1.49928,2.3300,2.5900
01.01.2014 00:08:32.442,1.50127,1.49927,2.9800,2.8500
01.01.2014 00:08:33.963,1.50128,1.49928,2.0400,2.2500
01.01.2014 00:08:35.382,1.50127,1.49927,1.2600,2.6500
01.01.2014 00:08:36.853,1.50129,1.49929,1.0700,1.6100
01.01.2014 00:08:38.175,1.50127,1.49927,1.1800,2.8700
01.01.2014 00:08:39.391,1.50128,1.49928,1.7900,1.8900
01.01.2014 00:08:40.830,1.50132,1.49932,2.8400,1.9900
01.01.2014 00:08:42.238,1.50132,1.49932,1.7600,2.7600
01.01.2014 00:08:43.665,1.50132,1.49932,2.5800,1.6100
01.01.2014 00:08:45.047,1.50131,1.49931,1.3500,2.3900
01.01.2014 00:08:46.450,1.50131,1.49931,2.2800,2.6400
01.01.2014 00:08:47.848,1.50132,1.49932,2.2100,2.5300
01.01.2014 00:08:49.249,1.50130,1.49930,1.8000,1.2900
01.01.2014 00:08:50.588,1.50130,1.49930,1.0500,1.2700
01.01.2014 00:08:51.993,1.50131,1.49931,2.9300,1.8600
01.01.2014 00:08:53.400,1.50127,1.49927,1.8800,1.2100
01.01.2014 00:08:54.679,1.50128,1.49928,2.2400,2.3000
01.01.2014 00:08:56.057,1.50131,1.49931,1.1200,2.9900
01.01.2014 00:08:57.472,1.50130,1.49930,2.9700,1.4800
01.01.2014 00:08:58.811,1.50130,1.49930,2.3800,1.1200
01.01.2014 00:09:00.227,1.50130,1.49930,2.6300,2.2300
01.01.2014 00:09:01.722,1.50127,1.49927,2.0500,1.8500
01.01.2014 00:09:02.985,1.50127,1.49927,1.7400,1.8300
01.01.2014 00:09:04.439,1.50128,1.49928,2.5400,1.0200
01.01.2014 00:09:05.782,1.50124,1.49924,1.0400,1.5200
01.01.2014 00:09:07.127,1.50125,1.49925,2.0700,1.4300
01.01.2014 00:09:08.526,1.50126,1.49926,1.2200,2.1000
01.01.2014 00:09:10.045,1.50125,1.49925,1.2000,1.9800
01.01.2014 00:09:11.401,1.50124,1.49924,2.4700,1.9500
01.01.2014 00:09:12.664,1.50122,1.49922,1.9200,2.5700
01.01.2014 00:09:13.997,1.50123,1.49923,2.3800,1.8800
01.01.2014 00:09:15.465,1.50122,1.49922,1.0800,2.8000
01.01.2014 00:09:17.080,1.50121,1.49921,2.3200,2.7900
01.01.2014 00:09:18.611,1.50124,1.49924,1.1300,2.0400
01.01.2014 00:09:20.057,1.50123,1.49923,2.0200,2.3600
01.01.2014 00:09:21.420,1.50123,1.49923,1.1400,1.0200
01.01.2014 00:09:22.685,1.50122,1.49922,1.7000,2.5500
01.01.2014 00:09:23.981,1.50122,1.49922,1.3500,1.2000
01.01.2014 00:09:25.499,1.50124,1.49924,1.5300,1.0400
01.01.2014 00:09:26.999,1.50122,1.49922,2.2500,1.7600
01.01.2014 00:09:28.367,1.50122,1.49922,2.2300,2.5500
01.01.2014 00:09:29.812,1.50126,1.49926,1.0800,2.9400
01.01.2014 00:09:31.148,1.50127,1.49927,2.9600,2.2000
01.01.2014 00:09:32.701,1.50128,1.49928,2.6200,2.3100
01.01.2014 00:09:34.064,1.50127,1.49927,2.8600,1.4500
01.01.2014 00:09:35.360,1.50124,1.49924,1.8800,2.2300
01.01.2014 00:09:36.738,1.50123,1.49923,2.7700,2.2900
01.01.2014 00:09:38.224,1.50122,1.49922,2.7200,2.6900
01.01.2014 00:09:39.607,1.50123,1.49923,2.5100,1.9200
01.01.2014 00:09:41.056,1.50124,1.49924,2.5500,2.3100
01.01.2014 00:09:42.474,1.50122,1.49922,2.9700,2.8700
01.01.2014 00:09:43.914,1.50121,1.49921,2.6400,1.4300
01.01.2014 00:09:45.438,1.50121,1.49921,2.4700,2.0800
01.01.2014 00:09:46.862,1.50125,1.49925,1.6000,2.1300
01.01.2014 00:09:48.337,1.50126,1.49926,2.2700,2.5200
01.01.2014 00:09:49.723,1.50124,1.49924,1.0200,1.4900
01.01.2014 00:09:51.103,1.50122,1.49922,2.6000,1.4100
01.01.2014 00:09:52.670,1.50123,1.49923,2.2300,1.3800
01.01.2014 00:09:54.189,1.50122,1.49922,2.1100,1.0100
01.01.2014 00:09:55.511,1.50123,1.49923,2.9200,1.7400
01.01.2014 00:09:56.822,1.50122,1.49922,1.6100,2.7500
01.01.2014 00:09:58.395,1.50122,1.49922,2.7700,2.1900
01.01.2014 00:09:59.653,1.50119,1.49919,2.3900,1.0100
01.01.2014 00:10:00.900,1.50121,1.49921,2.5900,1.1900
01.01.2014 00:10:02.245,1.50125,1.49925,2.2800,1.1300
01.01.2014 00:10:03.799,1.50128,1.49928,2.1200,2.2100
01.01.2014 00:10:05.302,1.50130,1.49930,1.5400,2.6500
01.01.2014 00:10:06.620,1.50130,1.49930,1.1200,1.6700
01.01.2014 00:10:08.090,1.50131,1.49931,2.5800,2.0300
01.01.2014 00:10:09.375,1.50131,1.49931,1.6600,1.8700
01.01.2014 00:10:10.767,1.50131,1.49931,2.2000,2.4700
01.01.2014 00:10:12.065,1.50133,1.49933,2.2700,2.5700
01.01.2014 00:10:13.442,1.50132,1.49932,2.6800,1.7700
01.01.2014 00:10:15.030,1.50135,1.49935,1.3700,1.7200
01.01.2014 00:10:16.445,1.50132,1.49932,1.6000,2.8800
01.01.2014 00:10:17.798,1.50129,1.49929,2.7500,2.6800
01.01.2014 00:10:19.249,1.50128,1.49928,1.9200,1.9700
01.01.2014 00:10:20.647,1.50131,1.49931,1.8700,2.4600
01.01.2014 00:10:21.986,1.50132,1.49932,2.2200,1.2700
01.01.2014 00:10:23.463,1.50134,1.49934,2.9100,1.1400
01.01.2014 00:10:24.853,1.50134,1.49934,1.5200,1.4900
01.01.2014 00:10:26.230,1.50134,1.49934,1.5400,2.5200
01.01.2014 00:10:27.780,1.50134,1.49934,1.1300,1.9800
01.01.2014 00:10:28.937,1.50135,1.49935,1.6900,2.8000
01.01.2014 00:10:30.344,1.50136,1.49936,2.8700,1.1000
01.01.2014 00:10:31.588,1.50135,1.49935,2.4600,2.9600
01.01.2014 00:10:33.067,1.50133,1.49933,1.4000,2.1300
01.01.2014 00:10:34.514,1.50133,1.49933,2.2200,1.7000
01.01.2014 00:10:35.840,1.50132,1.49932,2.7000,2.1200
01.01.2014 00:10:37.139,1.50132,1.49932,2.7200,2.4500
01.01.2014 00:10:38.556,1.50131,1.49931,2.0900,1.1600
01.01.2014 00:10:39.849,1.50127,1.49927,1.3300,2.8900
01.01.2014 00:10:41.293,1.50128,1.49928,1.9200,1.8200
01.01.2014 00:10:42.755,1.50132,1.49932,1.1200,2.0300
01.01.2014 00:10:44.136,1.50134,1.49934,1.1000,2.5700
01.01.2014 00:10:45.472,1.50133,1.49933,1.3300,1.6600
01.01.2014 00:10:46.884,1.50135,1.49935,1.4100,2.7600
01.01.2014 00:10:48.255,1.50133,1.49933,2.9700,2.5400
01.01.2014 00:10:49.743,1.50133,1.49933,2.0800,2.0000
01.01.2014 00:10:51.173,1.50132,1.49932,2.6400,1.7600
01.01.2014 00:10:52.584,1.50129,1.49929,1.5700,2.5900
01.01.2014 00:10:54.172,1.50131,1.49931,2.6000,1.7900
01.01.2014 00:10:55.578,1.50133,1.49933,1.3200,2.3900
01.01.2014 00:10:56.914,1.50134,1.49934,2.7100,2.8100
01.01.2014 00:10:58.281,1.50134,1.49934,1.3700,2.7900
01.01.2014 00:10:59.585,1.50134,1.49934,1.8800,2.2300
01.01.2014 00:11:00.987,1.50137,1.49937,2.9300,1.8400
01.01.2014 00:11:02.281,1.50137,1.49937,2.7600,1.8500
01.01.2014 00:11:03.800,1.50142,1.49942,2.4400,2.7800
01.01.2014 00:11:05.219,1.50141,1.49941,1.3700,2.7200
01.01.2014 00:11:06.636,1.50143,1.49943,2.4200,1.6300
01.01.2014 00:11:08.168,1.50143,1.49943,1.9200,1.7200
01.01.2014 00:11:09.698,1.50143,1.49943,1.6700,1.3500
01.01.2014 00:11:11.182,1.50144,1.49944,1.2000,1.4800
01.01.2014 00:11:12.543,1.50143,1.49943,1.9000,2.5000
01.01.2014 00:11:14.064,1.50145,1.49945,1.7000,2.6800
01.01.2014 00:11:15.505,1.50145,1.49945,2.2700,1.2500
01.01.2014 00:11:16.787,1.50147,1.49947,2.3700,1.1400
01.01.2014 00:11:18.215,1.50146,1.49946,1.4500,2.6700
01.01.2014 00:11:19.702,1.50144,1.49944,2.3900,2.0300
01.01.2014 00:11:21.002,1.50143,1.49943,1.0700,1.6100
01.01.2014 00:11:22.454,1.50143,1.49943,2.7400,2.5300
01.01.2014 00:11:23.917,1.50145,1.49945,1.5200,2.8100
01.01.2014 00:11:25.384,1.50149,1.49949,1.2200,1.8900
01.01.2014 00:11:26.895,1.50148,1.49948,2.0900,1.7600
01.01.2014 00:11:28.241,1.50148,1.49948,2.4800,2.8400
01.01.2014 00:11:29.712,1.50147,1.49947,1.5800,2.8200
01.01.2014 00:11:31.186,1.50149,1.49949,1.0400,2.9300
01.01.2014 00:11:32.493,1.50150,1.49950,2.6600,1.5600
01.01.2014 00:11:33.929,1.50153,1.49953,1.1900,1.4800
01.01.2014 00:11:35.328,1.50153,1.49953,1.6000,2.2000
01.01.2014 00:11:36.622,1.50151,1.49951,2.4900,1.1000
01.01.2014 00:11:38.117,1.50154,1.49954,2.7800,1.3700
01.01.2014 00:11:39.507,1.50154,1.49954,2.5900,1.0700
01.01.2014 00:11:40.914,1.50156,1.49956,1.1300,2.6600
01.01.2014 00:11:42.221,1.50156,1.49956,1.1900,2.8200
01.01.2014 00:11:43.719,1.50157,1.49957,2.7600,2.1400
01.01.2014 00:11:44.848,1.50158,1.49958,1.6300,1.8700
01.01.2014 00:11:46.299,1.50160,1.49960,2.7900,1.8900
01.01.2014 00:11:47.861,1.50163,1.49963,2.1800,2.4100
01.01.2014 00:11:49.268,1.50160,1.49960,1.2100,1.7700
01.01.2014 00:11:50.885,1.50160,1.49960,2.9000,2.2000
01.01.2014 00:11:52.290,1.50162,1.49962,2.2700,1.1400
01.01.2014 00:11:53.615,1.50160,1.49960,1.9400,1.0900
01.01.2014 00:11:54.972,1.50159,1.49959,2.9400,1.6600
01.01.2014 00:11:56.232,1.50159,1.49959,2.2200,1.5600
01.01.2014 00:11:57.640,1.50157,1.49957,1.0100,1.0200
01.01.2014 00:11:59.009,1.50156,1.49956,2.6100,2.1400
01.01.2014 00:12:00.222,1.50156,1.49956,2.8600,1.7900
01.01.2014 00:12:01.643,1.50154,1.49954,1.2300,1.6900
01.01.2014 00:12:03.151,1.50154,1.49954,1.9900,2.4000
01.01.2014 00:12:04.480,1.50152,1.49952,1.8400,1.8200
01.01.2014 00:12:05.906,1.50153,1.49953,2.2200,1.6200
01.01.2014 00:12:07.258,1.50153,1.49953,1.5200,1.1200
01.01.2014 00:12:08.819,1.50155,1.49955,1.2300,1.7700
01.01.2014 00:12:10.004,1.50154,1.49954,1.2400,1.8400
01.01.2014 00:12:11.391,1.50154,1.49954,1.1600,1.7100
01.01.2014 00:12:12.808,1.50155,1.49955,2.3600,1.7200
01.01.2014 00:12:14.198,1.50155,1.49955,2.2700,2.8300
01.01.2014 00:12:15.693,1.50155,1.49955,2.4500,1.2400
01.01.2014 00:12:16.979,1.50155,1.49955,1.0200,1.8400
01.01.2014 00:12:18.366,1.50152,1.49952,2.1500,1.0900
01.01.2014 00:12:19.782,1.50151,1.49951,1.6900,2.4600
01.01.2014 00:12:21.279,1.50151,1.49951,2.3800,1.8600
01.01.2014 00:12:22.560,1.50153,1.49953,1.6100,2.5800
01.01.2014 00:12:24.099,1.50152,1.49952,2.6400,2.7200
01.01.2014 00:12:25.485,1.50154,1.49954,1.6400,2.1600
01.01.2014 00:12:27.016,1.50151,1.49951,2.4100,2.3800
01.01.2014 00:12:28.307,1.50150,1.49950,1.8600,1.2900
01.01.2014 00:12:29.676,1.50151,1.49951,1.3100,1.0500
01.01.2014 00:12:31.207,1.50154,1.49954,1.6800,1.1400
01.01.2014 00:12:32.439,1.50153,1.49953,2.3500,2.2100
01.01.2014 00:12:33.715,1.50152,1.49952,2.9800,1.9100
01.01.2014 00:12:35.034,1.50152,1.49952,1.9700,1.0600
01.01.2014 00:12:36.489,1.50152,1.49952,1.7700,1.0800
01.01.2014 00:12:37.880,1.50152,1.49952,1.3200,1.0500
01.01.2014 00:12:39.254,1.50154,1.49954,1.5800,2.8000
01.01.2014 00:12:40.724,1.50154,1.49954,2.2100,2.6500
01.01.2014 00:12:42.113,1.50155,1.49955,1.7700,1.6800
01.01.2014 00:12:43.394,1.50155,1.49955,2.1100,2.0800
01.01.2014 00:12:44.858,1.50156,1.49956,1.8800,1.6000
01.01.2014 00:12:46.179,1.50155,1.49955,1.1200,1.6800
01.01.2014 00:12:47.381,1.50156,1.49956,2.1600,1.2800
01.01.2014 00:12:48.988,1.50154,1.49954,1.9800,1.8000
01.01.2014 00:12:50.498,1.50157,1.49957,2.2400,1.4000
01.01.2014 00:12:51.852,1.50157,1.49957,1.9500,2.0900
01.01.2014 00:12:53.277,1.50158,1.49958,2.0700,2.7400
01.01.2014 00:12:54.708,1.50157,1.49957,1.2500,2.5900
01.01.2014 00:12:56.170,1.50157,1.49957,2.8900,1.3000
01.01.2014 00:12:57.608,1.50157,1.49957,1.9700,2.7300
01.01.2014 00:12:58.831,1.50158,1.49958,1.5700,1.4100
01.01.2014 00:13:00.171,1.50161,1.49961,2.0200,1.9800
01.01.2014 00:13:01.677,1.50161,1.49961,2.9600,1.8200
01.01.2014 00:13:03.129,1.50162,1.49962,2.1500,2.9100
01.01.2014 00:13:04.509,1.50162,1.49962,2.7100,1.8800
01.01.2014 00:13:05.968,1.50157,1.49957,2.2500,2.8500
01.01.2014 00:13:07.366,1.50156,1.49956,2.3800,2.4500
01.01.2014 00:13:08.689,1.50157,1.49957,1.6000,1.7200
01.01.2014 00:13:10.027,1.50158,1.49958,1.4200,2.9100
01.01.2014 00:13:11.522,1.50159,1.49959,1.5900,1.0300
01.01.2014 00:13:12.994,1.50160,1.49960,2.4800,1.2900
01.01.2014 00:13:14.474,1.50161,1.49961,2.3200,2.5300
01.01.2014 00:13:15.910,1.50163,1.49963,1.1800,1.9800
01.01.2014 00:13:17.293,1.50162,1.49962,1.8100,1.1300
01.01.2014 00:13:18.614,1.50161,1.49961,2.6200,2.9000
01.01.2014 00:13:19.825,1.50162,1.49962,1.1500,2.0000
01.01.2014 00:13:21.291,1.50163,1.49963,1.1000,1.1500
01.01.2014 00:13:22.530,1.50162,1.49962,1.4600,1.5600
01.01.2014 00:13:24.013,1.50162,1.49962,1.6400,1.9500
01.01.2014 00:13:25.476,1.50160,1.49960,2.9600,2.2100
01.01.2014 00:13:27.012,1.50157,1.49957,1.2500,2.7800
01.01.2014 00:13:28.110,1.50158,1.49958,2.1700,2.2500
01.01.2014 00:13:29.531,1.50157,1.49957,1.4800,2.4300
01.01.2014 00:13:30.979,1.50158,1.49958,2.1100,2.0400
01.01.2014 00:13:32.418,1.50157,1.49957,1.5400,1.9900
01.01.2014 00:13:33.749,1.50156,1.49956,2.2600,1.1100
01.01.2014 00:13:35.067,1.50158,1.49958,1.0000,2.0200
01.01.2014 00:13:36.434,1.50158,1.49958,2.6800,1.0100
01.01.2014 00:13:37.916,1.50157,1.49957,1.6300,1.2000
01.01.2014 00:13:39.182,1.50155,1.49955,2.6900,1.6300
01.01.2014 00:13:40.608,1.50156,1.49956,1.8700,2.8200
01.01.2014 00:13:42.047,1.50156,1.49956,1.1800,2.3700
01.01.2014 00:13:43.203,1.50155,1.49955,2.2700,2.4100
01.01.2014 00:13:44.700,1.50158,1.49958,2.9300,2.5200
01.01.2014 00:13:46.108,1.50158,1.49958,1.6000,1.2100
01.01.2014 00:13:47.570,1.50160,1.49960,1.1000,1.7200
01.01.2014 00:13:48.970,1.50161,1.49961,1.8700,1.9200
01.01.2014 00:13:50.315,1.50159,1.49959,1.7400,1.1000
01.01.2014 00:13:51.670,1.50161,1.49961,2.6400,2.7000
01.01.2014 00:13:53.132,1.50159,1.49959,1.9400,2.7600
01.01.2014 00:13:54.599,1.50158,1.49958,2.2200,1.5900
01.01.2014 00:13:56.037,1.50156,1.49956,2.4800,1.6300
01.01.2014 00:13:57.318,1.50158,1.49958,2.4300,1.4000
01.01.2014 00:13:58.685,1.50159,1.49959,1.7400,1.1200
01.01.2014 00:14:00.089,1.50158,1.49958,1.5400,2.6700
01.01.2014 00:14:01.466,1.50156,1.49956,1.9900,1.8100
01.01.2014 00:14:03.107,1.50158,1.49958,1.0200,1.9300
01.01.2014 00:14:04.510,1.50159,1.49959,2.3600,1.6200
01.01.2014 00:14:05.981,1.50160,1.49960,2.0400,2.9500
01.01.2014 00:14:07.448,1.50161,1.49961,1.2400,1.5300
01.01.2014 00:14:08.859,1.50163,1.49963,1.7000,1.7400
01.01.2014 00:14:10.275,1.50163,1.49963,2.6900,1.0500
01.01.2014 00:14:11.692,1.50164,1.49964,2.5600,1.9200
01.01.2014 00:14:12.932,1.50163,1.49963,1.1300,1.4600
01.01.2014 00:14:14.322,1.50160,1.49960,2.4900,1.9500
01.01.2014 00:14:15.724,1.50160,1.49960,2.9300,1.1500
01.01.2014 00:14:16.998,1.50159,1.49959,1.3900,1.2800
01.01.2014 00:14:18.526,1.50160,1.49960,2.1600,1.2900
01.01.2014 00:14:19.976,1.50162,1.49962,1.7800,2.3500
01.01.2014 00:14:21.295,1.50160,1.49960,2.8300,1.5800
01.01.2014 00:14:22.794,1.50160,1.49960,2.4200,1.1200
01.01.2014 00:14:24.110,1.50164,1.49964,1.2700,2.9200
01.01.2014 00:14:25.349,1.50164,1.49964,2.0000,2.3600
01.01.2014 00:14:26.730,1.50163,1.49963,2.6100,1.9200
01.01.2014 00:14:27.909,1.50165,1.49965,1.0900,1.3300
01.01.2014 00:14:29.167,1.50165,1.49965,1.1000,2.6900
01.01.2014 00:14:30.524,1.50166,1.49966,2.9200,1.3900
01.01.2014 00:14:31.764,1.50166,1.49966,1.8700,2.1900
01.01.2014 00:14:33.183,1.50165,1.49965,2.9600,1.3800
01.01.2014 00:14:34.626,1.50165,1.49965,2.5100,1.3200
01.01.2014 00:14:36.206,1.50165,1.49965,1.4900,2.2800
01.01.2014 00:14:37.510,1.50166,1.49966,2.1300,2.5400
01.01.2014 00:14:38.879,1.50166,1.49966,1.0200,1.7100
01.01.2014 00:14:40.154,1.50167,1.49967,1.6400,2.7000
01.01.2014 00:14:41.507,1.50167,1.49967,1.8600,1.0600
01.01.2014 00:14:43.117,1.50167,1.49967,1.2400,1.5800
01.01.2014 00:14:44.591,1.50166,1.49966,2.9900,1.0900
01.01.2014 00:14:45.927,1.50168,1.49968,1.7800,2.5100
01.01.2014 00:14:47.140,1.50170,1.49970,2.5800,1.5000
01.01.2014 00:14:48.343,1.50171,1.49971,2.3100,1.4800
01.01.2014 00:14:49.744,1.50169,1.49969,1.4400,1.0800
01.01.2014 00:14:51.104,1.50171,1.49971,2.9000,2.1600
01.01.2014 00:14:52.701,1.50168,1.49968,2.0300,2.5200
01.01.2014 00:14:54.011,1.50166,1.49966,2.7900,2.8900
01.01.2014 00:14:55.392,1.50167,1.49967,2.5600,1.9500
01.01.2014 00:14:56.647,1.50167,1.49967,2.1800,1.3700
01.01.2014 00:14:58.136,1.50166,1.49966,1.4100,1.1400
01.01.2014 00:14:59.276,1.50167,1.49967,2.6200,2.6700
01.01.2014 00:15:00.799,1.50165,1.49965,2.5400,2.3100
01.01.2014 00:15:02.021,1.50165,1.49965,1.8500,1.0800
01.01.2014 00:15:03.456,1.50164,1.49964,1.0000,1.8300
01.01.2014 00:15:04.789,1.50164,1.49964,2.9500,1.4500
01.01.2014 00:15:06.080,1.50163,1.49963,1.4600,1.0000
01.01.2014 00:15:07.548,1.50161,1.49961,2.4800,2.7000
01.01.2014 00:15:08.775,1.50160,1.49960,1.6500,2.4300
01.01.2014 00:15:10.129,1.50161,1.49961,1.7400,2.8000
01.01.2014 00:15:11.469,1.50163,1.49963,2.1800,2.3200
01.01.2014 00:15:12.878,1.50162,1.49962,2.4200,1.3300
01.01.2014 00:15:14.319,1.50164,1.49964,2.9000,1.0800
01.01.2014 00:15:15.784,1.50161,1.49961,1.5900,2.4300
01.01.2014 00:15:17.146,1.50162,1.49962,2.0300,2.0200
01.01.2014 00:15:18.607,1.50161,1.49961,2.6600,2.3900
01.01.2014 00:15:19.975,1.50164,1.49964,2.8400,2.3900
01.01.2014 00:15:21.441,1.50165,1.49965,1.5500,2.6100
01.01.2014 00:15:22.785,1.50163,1.49963,1.6700,2.9600
01.01.2014 00:15:24.229,1.50165,1.49965,2.4500,2.1200
01.01.2014 00:15:25.629,1.50166,1.49966,1.7600,1.3300
01.01.2014 00:15:27.098,1.50167,1.49967,1.7700,1.0500
01.01.2014 00:15:28.347,1.50167,1.49967,2.4100,2.6300
01.01.2014 00:15:29.797,1.50167,1.49967,1.1000,2.0100
01.01.2014 00:15:31.266,1.50167,1.49967,1.3600,2.6000
01.01.2014 00:15:32.451,1.50169,1.49969,1.2600,2.7300
01.01.2014 00:15:33.803,1.50168,1.49968,1.5800,2.7400
01.01.2014 00:15:35.309,1.50169,1.49969,1.5000,2.2500
01.01.2014 00:15:36.830,1.50169,1.49969,2.8100,1.0200
01.01.2014 00:15:38.194,1.50169,1.49969,2.1000,1.5800
01.01.2014 00:15:39.491,1.50167,1.49967,2.2400,1.6700
01.01.2014 00:15:40.828,1.50170,1.49970,1.1400,2.5700
01.01.2014 00:15:42.174,1.50167,1.49967,2.3700,1.6600
01.01.2014 00:15:43.558,1.50166,1.49966,2.8900,2.2800
01.01.2014 00:15:45.070,1.50169,1.49969,1.4000,1.8400
01.01.2014 00:15:46.429,1.50169,1.49969,1.5600,1.5500
01.01.2014 00:15:47.863,1.50169,1.49969,1.1400,2.0400
01.01.2014 00:15:49.240,1.50167,1.49967,2.4800,2.4100
01.01.2014 00:15:50.456,1.50166,1.49966,1.8000,1.5300
01.01.2014 00:15:51.847,1.50164,1.49964,1.5400,1.5700
01.01.2014 00:15:53.268,1.50164,1.49964,2.2100,1.1500
01.01.2014 00:15:54.613,1.50164,1.49964,2.2000,2.2500
01.01.2014 00:15:55.883,1.50165,1.49965,1.0300,2.9300
01.01.2014 00:15:57.364,1.50163,1.49963,2.4100,2.2200
01.01.2014 00:15:58.652,1.50161,1.49961,2.2000,2.7300
01.01.2014 00:16:00.107,1.50162,1.49962,1.4100,2.1800
01.01.2014 00:16:01.612,1.50164,1.49964,1.8200,1.0300
01.01.2014 00:16:02.859,1.50165,1.49965,1.9000,2.9200
01.01.2014 00:16:04.371,1.50164,1.49964,1.3800,2.3400
01.01.2014 00:16:05.769,1.50164,1.49964,1.1900,2.5000
01.01.2014 00:16:07.156,1.50165,1.49965,1.5200,1.8700
01.01.2014 00:16:08.731,1.50168,1.49968,2.2800,1.4800
01.01.2014 00:16:10.081,1.50168,1.49968,1.4000,2.7500
01.01.2014 00:16:11.402,1.50167,1.49967,1.5400,1.5000
01.01.2014 00:16:12.795,1.50166,1.49966,2.4700,2.2100
01.01.2014 00:16:14.137,1.50166,1.49966,2.9000,2.6800
01.01.2014 00:16:15.587,1.50167,1.49967,2.8700,2.0900
01.01.2014 00:16:17.036,1.50165,1.49965,2.4900,2.4800
01.01.2014 00:16:18.359,1.50165,1.49965,1.7400,2.8400
01.01.2014 00:16:19.867,1.50169,1.49969,1.5400,1.7400
01.01.2014 00:16:21.297,1.50170,1.49970,2.5700,1.9100
01.01.2014 00:16:22.563,1.50171,1.49971,2.4100,1.8600
01.01.2014 00:16:24.162,1.50170,1.49970,2.8700,1.1300
01.01.2014 00:16:25.507,1.50171,1.49971,1.8900,1.0400
01.01.2014 00:16:26.910,1.50168,1.49968,1.1100,1.9800
01.01.2014 00:16:28.261,1.50170,1.49970,2.3100,1.5200
01.01.2014 00:16:29.633,1.50170,1.49970,1.1400,1.3700
01.01.2014 00:16:31.112,1.50171,1.49971,2.6300,2.3700
01.01.2014 00:16:32.479,1.50170,1.49970,1.6200,1.5000
01.01.2014 00:16:34.174,1.50172,1.49972,1.7100,1.7100
01.01.2014 00:16:35.622,1.50173,1.49973,1.6200,2.8300
01.01.2014 00:16:37.009,1.50174,1.49974,1.7100,2.0100
01.01.2014 00:16:38.386,1.50172,1.49972,2.1100,2.0100
01.01.2014 00:16:39.823,1.50172,1.49972,2.3500,2.6800
01.01.2014 00:16:41.265,1.50173,1.49973,1.8800,2.2200
01.01.2014 00:16:42.712,1.50171,1.49971,1.3600,2.3900
01.01.2014 00:16:44.071,1.50171,1.49971,1.3300,1.0000
01.01.2014 00:16:45.568,1.50172,1.49972,2.0300,1.3200
01.01.2014 00:16:46.897,1.50170,1.49970,1.2100,1.4400
01.01.2014 00:16:48.540,1.50171,1.49971,1.4900,1.1200
01.01.2014 00:16:49.802,1.50170,1.49970,1.4400,2.9200
01.01.2014 00:16:51.304,1.50174,1.49974,1.8300,1.8600
01.01.2014 00:16:52.891,1.50175,1.49975,2.4000,1.3400
01.01.2014 00:16:54.028,1.50175,1.49975,2.7400,2.2600
01.01.2014 00:16:55.326,1.50175,1.49975,2.2100,1.2300
01.01.2014 00:16:56.637,1.50174,1.49974,2.3800,1.4100
01.01.2014 00:16:58.123,1.50174,1.49974,1.4100,2.0200
01.01.2014 00:16:59.493,1.50174,1.49974,2.5900,1.1400
01.01.2014 00:17:01.155,1.50172,1.49972,2.2600,2.3800
01.01.2014 00:17:02.583,1.50174,1.49974,2.6700,2.6400
01.01.2014 00:17:03.978,1.50176,1.49976,1.6700,2.5800
01.01.2014 00:17:05.246,1.50176,1.49976,2.7100,2.7700
01.01.2014 00:17:06.566,1.50176,1.49976,1.7800,2.6100
01.01.2014 00:17:07.961,1.50176,1.49976,1.1300,2.7500
01.01.2014 00:17:09.446,1.50172,1.49972,2.9400,1.1300
01.01.2014 00:17:10.786,1.50173,1.49973,1.7500,2.6100
01.01.2014 00:17:11.998,1.50173,1.49973,1.4400,1.7000
01.01.2014 00:17:13.336,1.50173,1.49973,1.7400,1.9300
01.01.2014 00:17:14.825,1.50175,1.49975,2.4200,1.0200
01.01.2014 00:17:16.290,1.50173,1.49973,1.9700,1.0100
01.01.2014 00:17:17.750,1.50175,1.49975,2.1000,1.1300
01.01.2014 00:17:19.196,1.50177,1.49977,2.5600,2.5000
01.01.2014 00:17:20.604,1.50179,1.49979,1.2800,2.3400
01.01.2014 00:17:22.145,1.50181,1.49981,1.3400,1.3900
01.01.2014 00:17:23.574,1.50181,1.49981,2.8200,2.5200
01.01.2014 00:17:25.144,1.50183,1.49983,2.7800,2.1600
01.01.2014 00:17:26.441,1.50184,1.49984,1.9500,2.4300
01.01.2014 00:17:27.756,1.50183,1.49983,1.6300,1.4800
01.01.2014 00:17:29.119,1.50181,1.49981,2.8200,2.0100
01.01.2014 00:17:30.429,1.50183,1.49983,2.6400,2.3200
01.01.2014 00:17:31.763,1.50184,1.49984,2.3800,1.5300
01.01.2014 00:17:33.180,1.50185,1.49985,1.6500,1.5400
01.01.2014 00:17:34.640,1.50184,1.49984,1.4400,2.1900
01.01.2014 00:17:36.124,1.50181,1.49981,2.6300,2.5600
01.01.2014 00:17:37.455,1.50182,1.49982,1.1800,2.4000
01.01.2014 00:17:38.754,1.50179,1.49979,1.0600,1.5200
01.01.2014 00:17:40.189,1.50177,1.49977,1.0800,2.3300
01.01.2014 00:17:41.657,1.50176,1.49976,2.7800,1.6500
01.01.2014 00:17:43.090,1.50177,1.49977,1.5000,2.1500
01.01.2014 00:17:44.566,1.50178,1.49978,2.7200,3.0000
01.01.2014 00:17:45.864,1.50177,1.49977,1.0400,1.7200
01.01.2014 00:17:47.298,1.50180,1.49980,1.6300,2.3100
01.01.2014 00:17:48.760,1.50182,1.49982,2.5200,1.0800
01.01.2014 00:17:50.199,1.50184,1.49984,2.1300,2.2500
01.01.2014 00:17:51.624,1.50186,1.49986,2.1600,2.9800
01.01.2014 00:17:52.988,1.50188,1.49988,2.4100,1.7800
01.01.2014 00:17:54.438,1.50186,1.49986,2.8600,2.8600
01.01.2014 00:17:55.875,1.50182,1.49982,1.4200,2.9900
01.01.2014 00:17:57.338,1.50184,1.49984,2.1900,1.1100
01.01.2014 00:17:58.933,1.50183,1.49983,2.3600,1.7500
01.01.2014 00:18:00.529,1.50183,1.49983,2.3900,2.3000
01.01.2014 00:18:01.855,1.50182,1.49982,2.2700,2.2000
01.01.2014 00:18:03.311,1.50181,1.49981,1.9100,2.3400
01.01.2014 00:18:04.678,1.50181,1.49981,1.0400,2.5600
01.01.2014 00:18:06.233,1.50183,1.49983,2.6800,2.6100
01.01.2014 00:18:07.638,1.50184,1.49984,1.9800,1.8000
01.01.2014 00:18:09.062,1.50182,1.49982,1.5500,2.8400
01.01.2014 00:18:10.637,1.50185,1.49985,1.7100,1.1000
01.01.2014 00:18:12.030,1.50184,1.49984,1.1700,2.2100
01.01.2014 00:18:13.317,1.50185,1.49985,2.7300,2.7700
01.01.2014 00:18:14.780,1.50183,1.49983,1.5700,2.6100
01.01.2014 00:18:16.205,1.50185,1.49985,2.9500,1.9300
01.01.2014 00:18:17.553,1.50184,1.49984,2.9500,2.6300
01.01.2014 00:18:18.933,1.50183,1.49983,1.1400,1.4200
01.01.2014 00:18:20.315,1.50181,1.49981,1.5400,1.2000
01.01.2014 00:18:21.690,1.50180,1.49980,2.9500,2.5200
01.01.2014 00:18:23.083,1.50181,1.49981,1.5600,2.6000
01.01.2014 00:18:24.363,1.50180,1.49980,1.4700,1.2600
01.01.2014 00:18:25.686,1.50178,1.49978,2.3500,1.1300
01.01.2014 00:18:27.146,1.50177,1.49977,1.2900,1.6900
01.01.2014 00:18:28.542,1.50175,1.49975,1.6000,2.1300
01.01.2014 00:18:29.907,1.50176,1.49976,2.1600,2.0100
01.01.2014 00:18:31.341,1.50174,1.49974,1.5500,1.9800
01.01.2014 00:18:32.733,1.50173,1.49973,1.6100,2.6400
01.01.2014 00:18:34.122,1.50172,1.49972,1.9200,2.4500
01.01.2014 00:18:35.705,1.50173,1.49973,2.5500,2.7200
01.01.2014 00:18:37.144,1.50170,1.49970,2.6800,2.9800
01.01.2014 00:18:38.517,1.50171,1.49971,1.3900,1.9800
01.01.2014 00:18:39.911,1.50174,1.49974,1.9700,2.6800
01.01.2014 00:18:41.406,1.50174,1.49974,1.8100,1.6600
01.01.2014 00:18:42.963,1.50173,1.49973,1.2500,1.3900
01.01.2014 00:18:44.553,1.50176,1.49976,1.9800,2.2900
01.01.2014 00:18:45.983,1.50174,1.49974,1.7400,2.3200
01.01.2014 00:18:47.404,1.50172,1.49972,1.3700,1.5600
01.01.2014 00:18:48.744,1.50171,1.49971,2.6500,1.5700
01.01.2014 00:18:50.033,1.50171,1.49971,1.7500,2.6000
01.01.2014 00:18:51.361,1.50171,1.49971,2.1100,2.6900
01.01.2014 00:18:52.708,1.50172,1.49972,2.3500,1.4400
01.01.2014 00:18:54.149,1.50171,1.49971,1.5000,1.5300
01.01.2014 00:18:55.603,1.50173,1.49973,2.5000,1.3000
01.01.2014 00:18:56.794,1.50172,1.49972,1.1900,1.9700
01.01.2014 00:18:58.100,1.50171,1.49971,1.4800,2.8200
01.01.2014 00:18:59.276,1.50168,1.49968,2.5200,1.3100
01.01.2014 00:19:00.402,1.50168,1.49968,2.1900,3.0000
01.01.2014 00:19:01.749,1.50170,1.49970,2.6600,1.3400
01.01.2014 00:19:03.163,1.50166,1.49966,2.2300,2.8200
01.01.2014 00:19:04.614,1.50173,1.49973,1.1000,1.0700
01.01.2014 00:19:05.806,1.50175,1.49975,2.6800,1.3200
01.01.2014 00:19:07.201,1.50175,1.49975,1.4700,1.1000
01.01.2014 00:19:08.544,1.50175,1.49975,2.2200,1.5600
01.01.2014 00:19:09.902,1.50174,1.49974,2.6000,1.7800
01.01.2014 00:19:11.249,1.50174,1.49974,2.5500,1.4700
01.01.2014 00:19:12.717,1.50177,1.49977,2.8600,1.7700
01.01.2014 00:19:14.127,1.50179,1.49979,2.5500,1.4700
01.01.2014 00:19:15.508,1.50179,1.49979,2.9200,2.3400
01.01.2014 00:19:16.896,1.50180,1.49980,2.2200,2.3600
01.01.2014 00:19:18.383,1.50179,1.49979,2.8900,2.7700
01.01.2014 00:19:19.694,1.50180,1.49980,1.5600,2.9300
01.01.2014 00:19:21.182,1.50183,1.49983,2.9800,1.6200
01.01.2014 00:19:22.521,1.50182,1.49982,1.8900,1.5200
01.01.2014 00:19:24.021,1.50182,1.49982,2.8700,1.3700
01.01.2014 00:19:25.485,1.50181,1.49981,1.1200,1.1800
01.01.2014 00:19:26.917,1.50179,1.49979,1.3000,2.9400
01.01.2014 00:19:28.326,1.50175,1.49975,1.4900,1.9400
01.01.2014 00:19:29.847,1.50176,1.49976,2.5100,2.1600
01.01.2014 00:19:31.152,1.50179,1.49979,1.8000,2.7700
01.01.2014 00:19:32.665,1.50177,1.49977,1.5400,1.3800
01.01.2014 00:19:34.012,1.50175,1.49975,1.8600,2.6600
01.01.2014 00:19:35.448,1.50174,1.49974,2.0600,1.5800
01.01.2014 00:19:36.656,1.50174,1.49974,2.1900,1.8700
01.01.2014 00:19:38.147,1.50174,1.49974,1.6900,2.4700
01.01.2014 00:19:39.602,1.50174,1.49974,2.6400,2.1300
01.01.2014 00:19:41.075,1.50175,1.49975,1.8000,1.6500
01.01.2014 00:19:42.463,1.50175,1.49975,2.1500,1.9300
01.01.2014 00:19:44.014,1.50176,1.49976,1.0600,2.3200
01.01.2014 00:19:45.319,1.50176,1.49976,1.3500,2.1400
01.01.2014 00:19:46.753,1.50176,1.49976,2.6400,2.9700
01.01.2014 00:19:47.962,1.50175,1.49975,1.1000,1.1100
01.01.2014 00:19:49.320,1.50178,1.49978,1.4500,2.2300
01.01.2014 00:19:50.769,1.50175,1.49975,1.7200,2.6500
01.01.2014 00:19:52.160,1.50177,1.49977,1.7000,1.7300
01.01.2014 00:19:53.501,1.50179,1.49979,1.4200,1.1700
01.01.2014 00:19:54.749,1.50175,1.49975,2.6800,1.4400
01.01.2014 00:19:56.269,1.50174,1.49974,2.6500,1.7700
01.01.2014 00:19:57.482,1.50173,1.49973,2.8700,1.2400
01.01.2014 00:19:58.902,1.50174,1.49974,2.0600,1.0700
01.01.2014 00:20:00.053,1.50173,1.49973,1.3200,2.3100
01.01.2014 00:20:01.459,1.50174,1.49974,2.4300,1.1400
01.01.2014 00:20:02.762,1.50174,1.49974,2.2300,2.8800
01.01.2014 00:20:04.104,1.50174,1.49974,1.7100,2.1000
01.01.2014 00:20:05.620,1.50173,1.49973,2.6300,2.2200
01.01.2014 00:20:06.882,1.50172,1.49972,1.2100,1.7100
01.01.2014 00:20:08.456,1.50171,1.49971,2.3200,1.1400
01.01.2014 00:20:09.736,1.50170,1.49970,1.3100,2.6500
01.01.2014 00:20:11.126,1.50169,1.49969,1.3400,2.7600
01.01.2014 00:20:12.375,1.50170,1.49970,2.0000,2.4600
01.01.2014 00:20:13.797,1.50171,1.49971,2.2600,1.8100
01.01.2014 00:20:15.218,1.50174,1.49974,2.3500,1.8600
01.01.2014 00:20:16.695,1.50175,1.49975,1.2900,2.6700
01.01.2014 00:20:18.215,1.50175,1.49975,1.8600,1.7600
01.01.2014 00:20:19.597,1.50175,1.49975,2.6900,1.9700
01.01.2014 00:20:20.802,1.50176,1.49976,2.1500,1.6500
01.01.2014 00:20:22.192,1.50176,1.49976,2.4600,1.6900
01.01.2014 00:20:23.696,1.50177,1.49977,2.8900,1.8000
01.01.2014 00:20:25.026,1.50179,1.49979,2.9800,1.0500
01.01.2014 00:20:26.591,1.50181,1.49981,2.3800,1.2400
01.01.2014 00:20:27.861,1.50181,1.49981,1.6100,2.0900
01.01.2014 00:20:29.145,1.50181,1.49981,1.3400,1.8400
01.01.2014 00:20:30.584,1.50181,1.49981,1.1700,1.7900
01.01.2014 00:20:32.089,1.50184,1.49984,1.3300,1.4700
01.01.2014 00:20:33.538,1.50184,1.49984,2.8500,1.8400
01.01.2014 00:20:34.747,1.50186,1.49986,1.0600,2.1700
01.01.2014 00:20:36.138,1.50185,1.49985,2.1800,1.8000
01.01.2014 00:20:37.542,1.50186,1.49986,1.5500,2.4200
01.01.2014 00:20:38.990,1.50186,1.49986,1.7500,2.1000
01.01.2014 00:20:40.380,1.50185,1.49985,2.6600,2.6100
01.01.2014 00:20:41.709,1.50184,1.49984,2.6300,2.8600
01.01.2014 00:20:43.098,1.50182,1.49982,1.6700,2.7400
01.01.2014 00:20:44.207,1.50182,1.49982,1.6700,1.7900
01.01.2014 00:20:45.483,1.50182,1.49982,2.1400,2.6100
01.01.2014 00:20:46.823,1.50183,1.49983,1.3000,1.5400
01.01.2014 00:20:48.107,1.50180,1.49980,2.3600,1.1100
01.01.2014 00:20:49.498,1.50179,1.49979,2.3900,1.3900
01.01.2014 00:20:50.766,1.50181,1.49981,2.7700,2.7900
01.01.2014 00:20:52.066,1.50179,1.49979,1.8200,1.4800
01.01.2014 00:20:53.563,1.50180,1.49980,2.3500,2.6500
01.01.2014 00:20:54.853,1.50180,1.49980,2.4800,1.7200
01.01.2014 00:20:56.133,1.50181,1.49981,1.1600,2.9900
01.01.2014 00:20:57.622,1.50184,1.49984,2.7300,1.5800
01.01.2014 00:20:59.251,1.50183,1.49983,1.8200,1.8500
01.01.2014 00:21:00.722,1.50180,1.49980,2.7000,1.4000
01.01.2014 00:21:02.140,1.50181,1.49981,2.6500,2.1100
01.01.2014 00:21:03.445,1.50180,1.49980,2.5300,1.5100
01.01.2014 00:21:04.935,1.50180,1.49980,1.6500,2.3500
01.01.2014 00:21:06.502,1.50183,1.49983,2.3700,2.1500
01.01.2014 00:21:07.736,1.50182,1.49982,2.5400,1.4500
01.01.2014 00:21:09.031,1.50183,1.49983,2.2500,2.4900
01.01.2014 00:21:10.460,1.50182,1.49982,2.7000,1.0900
01.01.2014 00:21:11.775,1.50184,1.49984,1.9600,2.8600
01.01.2014 00:21:13.133,1.50181,1.49981,1.0300,1.1600
01.01.2014 00:21:14.426,1.50183,1.49983,2.1000,1.3500
01.01.2014 00:21:15.927,1.50181,1.49981,2.9300,1.1000
01.01.2014 00:21:17.345,1.50183,1.49983,2.1300,2.0000
01.01.2014 00:21:18.578,1.50184,1.49984,2.8300,1.8100
01.01.2014 00:21:20.023,1.50183,1.49983,1.5900,2.0500
01.01.2014 00:21:21.483,1.50184,1.49984,2.5800,2.3500
01.01.2014 00:21:22.920,1.50184,1.49984,1.5900,1.0000
01.01.2014 00:21:24.232,1.50183,1.49983,2.3200,2.2700
01.01.2014 00:21:25.608,1.50183,1.49983,2.4600,1.6500
01.01.2014 00:21:27.074,1.50186,1.49986,1.6900,1.2700
01.01.2014 00:21:28.497,1.50187,1.49987,1.2100,1.8000
01.01.2014 00:21:29.986,1.50188,1.49988,1.2400,1.0000
01.01.2014 00:21:31.294,1.50190,1.49990,1.5100,1.0300
01.01.2014 00:21:32.811,1.50191,1.49991,2.9200,2.1300
01.01.2014 00:21:34.125,1.50191,1.49991,2.1000,1.7600
01.01.2014 00:21:35.369,1.50193,1.49993,1.4800,1.1900
01.01.2014 00:21:36.706,1.50192,1.49992,1.3500,2.9700
01.01.2014 00:21:38.248,1.50188,1.49988,2.7500,2.9900
01.01.2014 00:21:39.775,1.50189,1.49989,1.6500,1.6100
01.01.2014 00:21:41.343,1.50187,1.49987,2.3600,1.6300
01.01.2014 00:21:42.777,1.50185,1.49985,1.2600,2.1600
01.01.2014 00:21:44.287,1.50187,1.49987,2.5100,2.7500
01.01.2014 00:21:45.863,1.50187,1.49987,2.2400,1.3700
01.01.2014 00:21:47.472,1.50185,1.49985,2.7000,1.3900
01.01.2014 00:21:48.866,1.50184,1.49984,2.1700,2.0800
01.01.2014 00:21:50.286,1.50182,1.49982,2.0900,1.4700
01.01.2014 00:21:51.796,1.50183,1.49983,1.0800,2.0000
01.01.2014 00:21:53.087,1.50184,1.49984,1.6200,2.2300
01.01.2014 00:21:54.646,1.50185,1.49985,1.7300,2.2800
01.01.2014 00:21:55.910,1.50185,1.49985,2.4000,2.1100
01.01.2014 00:21:57.380,1.50185,1.49985,1.0400,1.6300
01.01.2014 00:21:58.677,1.50187,1.49987,2.3500,1.7900
01.01.2014 00:22:00.049,1.50189,1.49989,1.8200,2.8700
01.01.2014 00:22:01.397,1.50189,1.49989,2.1700,2.9400
01.01.2014 00:22:02.738,1.50188,1.49988,1.6800,2.0100
01.01.2014 00:22:04.184,1.50187,1.49987,3.0000,1.9000
01.01.2014 00:22:05.468,1.50184,1.49984,1.2300,2.7700
01.01.2014 00:22:06.689,1.50182,1.49982,2.3200,1.8800
01.01.2014 00:22:08.036,1.50183,1.49983,2.6300,2.8800
01.01.2014 00:22:09.476,1.50183,1.49983,1.3000,1.9500
01.01.2014 00:22:11.021,1.50186,1.49986,1.8000,1.6800
01.01.2014 00:22:12.393,1.50184,1.49984,1.3300,2.4700
01.01.2014 00:22:14.010,1.50187,1.49987,2.7400,2.1500
01.01.2014 00:22:15.520,1.50186,1.49986,2.0800,1.1600
01.01.2014 00:22:17.007,1.50186,1.49986,1.7900,1.5900
01.01.2014 00:22:18.399,1.50186,1.49986,1.8700,2.1900
01.01.2014 00:22:19.850,1.50188,1.49988,2.6600,1.1600
01.01.2014 00:22:21.477,1.50188,1.49988,2.6600,2.5700
01.01.2014 00:22:22.897,1.50187,1.49987,1.2500,2.7500
01.01.2014 00:22:24.340,1.50183,1.49983,2.1600,2.8700
01.01.2014 00:22:25.718,1.50186,1.49986,2.6200,2.9000
01.01.2014 00:22:27.050,1.50186,1.49986,1.8800,2.2900
01.01.2014 00:22:28.395,1.50186,1.49986,2.2000,2.8000
01.01.2014 00:22:29.666,1.50185,1.49985,1.8900,1.1000
01.01.2014 00:22:31.109,1.50185,1.49985,2.1800,1.7100
01.01.2014 00:22:32.534,1.50188,1.49988,2.6500,2.2600
01.01.2014 00:22:33.981,1.50190,1.49990,1.8300,2.9200
01.01.2014 00:22:35.608,1.50192,1.49992,1.4400,2.2500
01.01.2014 00:22:36.879,1.50192,1.49992,1.1200,2.2100
01.01.2014 00:22:38.293,1.50195,1.49995,1.4500,2.3300
01.01.2014 00:22:39.682,1.50193,1.49993,1.3300,1.3700
01.01.2014 00:22:41.034,1.50191,1.49991,1.1000,1.8000
01.01.2014 00:22:42.141,1.50194,1.49994,1.7700,2.6800
01.01.2014 00:22:43.543,1.50192,1.49992,1.1200,1.1400
01.01.2014 00:22:45.113,1.50196,1.49996,2.7600,2.1200
01.01.2014 00:22:46.530,1.50193,1.49993,2.2900,1.0900
01.01.2014 00:22:47.885,1.50193,1.49993,1.3400,1.2500
01.01.2014 00:22:49.290,1.50191,1.49991,1.4900,1.7200
01.01.2014 00:22:50.788,1.50188,1.49988,1.1500,1.0100
01.01.2014 00:22:52.303,1.50190,1.49990,1.8200,1.9800
01.01.2014 00:22:53.667,1.50190,1.49990,1.6700,1.3500
01.01.2014 00:22:55.220,1.50191,1.49991,1.6300,1.7900
01.01.2014 00:22:56.587,1.50191,1.49991,1.3600,2.6000
01.01.2014 00:22:58.038,1.50194,1.49994,1.9500,2.8400
01.01.2014 00:22:59.420,1.50194,1.49994,1.7000,2.5600
01.01.2014 00:23:00.825,1.50194,1.49994,1.4500,1.8000
01.01.2014 00:23:02.257,1.50194,1.49994,1.3600,2.6000
01.01.2014 00:23:03.779,1.50192,1.49992,1.8400,2.1600
01.01.2014 00:23:05.223,1.50193,1.49993,2.7300,1.1200
01.01.2014 00:23:06.543,1.50193,1.49993,1.8300,2.1000
01.01.2014 00:23:07.993,1.50189,1.49989,2.9900,1.2700
01.01.2014 00:23:09.297,1.50192,1.49992,1.2700,1.3200
01.01.2014 00:23:10.638,1.50190,1.49990,2.3400,1.9700
01.01.2014 00:23:11.855,1.50188,1.49988,2.1900,2.1500
01.01.2014 00:23:13.245,1.50186,1.49986,2.1100,2.1400
01.01.2014 00:23:14.713,1.50185,1.49985,1.0500,1.7100
01.01.2014 00:23:16.146,1.50187,1.49987,1.5200,2.3900
01.01.2014 00:23:17.684,1.50188,1.49988,2.4700,2.2200
01.01.2014 00:23:18.972,1.50188,1.49988,1.5200,1.8400
01.01.2014 00:23:20.407,1.50192,1.49992,1.5800,1.0100
01.01.2014 00:23:21.623,1.50192,1.49992,2.4700,1.0500
01.01.2014 00:23:23.087,1.50192,1.49992,1.3500,1.9400
01.01.2014 00:23:24.510,1.50191,1.49991,2.1000,1.8100
01.01.2014 00:23:26.006,1.50191,1.49991,1.3900,1.0500
01.01.2014 00:23:27.429,1.50193,1.49993,2.7800,2.1900
01.01.2014 00:23:28.799,1.50195,1.49995,2.5000,2.8300
01.01.2014 00:23:30.072,1.50195,1.49995,1.5400,1.4000
01.01.2014 00:23:31.391,1.50194,1.49994,2.1100,2.1800
01.01.2014 00:23:32.983,1.50192,1.49992,1.1600,1.1800
01.01.2014 00:23:34.390,1.50189,1.49989,1.4300,1.5700
01.01.2014 00:23:35.914,1.50189,1.49989,1.0300,2.3000
01.01.2014 00:23:37.421,1.50190,1.49990,2.8700,1.0400
01.01.2014 00:23:39.051,1.50187,1.49987,2.3300,2.3600
01.01.2014 00:23:40.354,1.50189,1.49989,2.7600,1.1000
01.01.2014 00:23:41.788,1.50188,1.49988,1.5100,1.4400
01.01.2014 00:23:43.392,1.50188,1.49988,1.4800,2.5200
01.01.2014 00:23:44.715,1.50190,1.49990,1.8200,1.4200
01.01.2014 00:23:46.118,1.50190,1.49990,2.8700,1.6100
01.01.2014 00:23:47.587,1.50191,1.49991,2.3800,2.9300
01.01.2014 00:23:48.889,1.50191,1.49991,2.3400,2.4600
01.01.2014 00:23:50.151,1.50191,1.49991,2.0100,1.6200
01.01.2014 00:23:51.741,1.50190,1.49990,2.4900,1.4600
01.01.2014 00:23:52.987,1.50189,1.49989,1.4000,2.5700
01.01.2014 00:23:54.363,1.50190,1.49990,2.5000,2.7900
01.01.2014 00:23:55.729,1.50190,1.49990,2.9100,1.7500
01.01.2014 00:23:57.080,1.50190,1.49990,1.9700,1.2200
01.01.2014 00:23:58.399,1.50188,1.49988,2.6200,2.7500
01.01.2014 00:23:59.877,1.50188,1.49988,2.7100,2.5300
01.01.2014 00:24:01.321,1.50186,1.49986,2.8900,2.3700
01.01.2014 00:24:02.722,1.50183,1.49983,2.2900,2.0200
01.01.2014 00:24:04.086,1.50182,1.49982,2.6000,2.7200
01.01.2014 00:24:05.605,1.50180,1.49980,2.5000,2.6200
01.01.2014 00:24:06.991,1.50180,1.49980,2.7200,1.2600
01.01.2014 00:24:08.494,1.50182,1.49982,2.3600,1.5000
01.01.2014 00:24:09.888,1.50182,1.49982,1.1100,2.4300
01.01.2014 00:24:11.407,1.50182,1.49982,1.7700,1.3400
01.01.2014 00:24:12.825,1.50184,1.49984,1.3800,2.4400
01.01.2014 00:24:14.473,1.50184,1.49984,1.9200,2.6600
01.01.2014 00:24:15.926,1.50186,1.49986,1.2100,2.6800
01.01.2014 00:24:17.448,1.50187,1.49987,1.7300,2.7600
01.01.2014 00:24:18.791,1.50188,1.49988,1.8200,2.7700
01.01.2014 00:24:20.298,1.50190,1.49990,1.5400,1.5000
01.01.2014 00:24:21.684,1.50191,1.49991,2.5500,1.7900
01.01.2014 00:24:23.126,1.50191,1.49991,1.7400,1.7100
01.01.2014 00:24:24.554,1.50187,1.49987,1.8800,2.7600
01.01.2014 00:24:26.278,1.50192,1.49992,1.2800,2.9700
01.01.2014 00:24:27.660,1.50192,1.49992,2.3300,2.1900
01.01.2014 00:24:28.896,1.50189,1.49989,2.5700,1.3900
01.01.2014 00:24:30.346,1.50191,1.49991,1.8400,1.9200
01.01.2014 00:24:31.832,1.50190,1.49990,2.0300,1.6400
01.01.2014 00:24:33.311,1.50190,1.49990,1.6900,1.1100
01.01.2014 00:24:34.674,1.50187,1.49987,1.4400,1.0000
01.01.2014 00:24:36.003,1.50188,1.49988,1.2400,1.1400
01.01.2014 00:24:37.435,1.50188,1.49988,1.8600,1.2400
01.01.2014 00:24:38.617,1.50189,1.49989,1.7500,2.2400
01.01.2014 00:24:39.959,1.50189,1.49989,1.0700,2.9900
01.01.2014 00:24:41.484,1.50188,1.49988,1.6800,1.8900
01.01.2014 00:24:42.894,1.50192,1.49992,2.7200,2.7300
01.01.2014 00:24:44.322,1.50192,1.49992,1.9700,2.9700
01.01.2014 00:24:45.641,1.50193,1.49993,2.0800,2.9800
01.01.2014 00:24:46.943,1.50195,1.49995,1.0100,1.8100
01.01.2014 00:24:48.410,1.50194,1.49994,1.6700,2.6600
01.01.2014 00:24:49.731,1.50193,1.49993,1.1400,1.3700
01.01.2014 00:24:50.954,1.50194,1.49994,1.8300,1.7500
01.01.2014 00:24:52.147,1.50193,1.49993,1.2100,2.9100
01.01.2014 00:24:53.532,1.50193,1.49993,1.6000,1.6400
01.01.2014 00:24:54.978,1.50192,1.49992,1.2400,2.2700
01.01.2014 00:24:56.396,1.50194,1.49994,1.1600,2.9100
01.01.2014 00:24:57.855,1.50193,1.49993,1.3400,2.7100
01.01.2014 00:24:59.256,1.50193,1.49993,2.5400,2.8700
01.01.2014 00:25:00.639,1.50193,1.49993,1.5700,1.5800
01.01.2014 00:25:01.900,1.50191,1.49991,2.0900,1.3200
01.01.2014 00:25:03.211,1.50192,1.49992,1.6200,2.0100
01.01.2014 00:25:04.677,1.50193,1.49993,2.2900,1.3100
01.01.2014 00:25:05.991,1.50193,1.49993,1.7500,1.8300
01.01.2014 00:25:07.353,1.50193,1.49993,1.3600,1.7800
01.01.2014 00:25:08.713,1.50193,1.49993,2.9600,1.7600
01.01.2014 00:25:10.046,1.50195,1.49995,2.2600,1.3800
01.01.2014 00:25:11.564,1.50196,1.49996,1.1400,1.6700
01.01.2014 00:25:13.067,1.50194,1.49994,1.7100,1.3000
01.01.2014 00:25:14.591,1.50194,1.49994,1.7600,1.2600
01.01.2014 00:25:15.930,1.50193,1.49993,1.6000,2.2900
01.01.2014 00:25:17.491,1.50195,1.49995,1.7300,2.6500
01.01.2014 00:25:18.876,1.50192,1.49992,2.6000,1.3600
01.01.2014 00:25:20.405,1.50190,1.49990,1.0500,2.3800
01.01.2014 00:25:21.769,1.50190,1.49990,2.2200,1.4800
01.01.2014 00:25:23.096,1.50190,1.49990,1.2900,1.6000
01.01.2014 00:25:24.496,1.50190,1.49990,1.2500,1.6200
01.01.2014 00:25:25.928,1.50192,1.49992,2.7700,2.1100
01.01.2014 00:25:27.189,1.50192,1.49992,1.3300,2.8300
01.01.2014 00:25:28.479,1.50190,1.49990,2.5200,1.6800
01.01.2014 00:25:29.974,1.50191,1.49991,1.1000,1.5100
01.01.2014 00:25:31.221,1.50190,1.49990,2.4900,2.8400
01.01.2014 00:25:32.436,1.50189,1.49989,2.9200,1.8900
01.01.2014 00:25:33.617,1.50189,1.49989,2.8200,2.1400
01.01.2014 00:25:35.086,1.50190,1.49990,1.6800,1.8700
01.01.2014 00:25:36.446,1.50192,1.49992,2.5900,2.8800
01.01.2014 00:25:37.986,1.50193,1.49993,2.6100,2.6900
01.01.2014 00:25:39.330,1.50193,1.49993,1.8000,2.3500
01.01.2014 00:25:40.892,1.50192,1.49992,1.7100,2.2700
01.01.2014 00:25:42.350,1.50191,1.49991,2.0900,1.4100
01.01.2014 00:25:43.851,1.50189,1.49989,1.9700,1.4300
01.01.2014 00:25:45.242,1.50190,1.49990,1.9500,2.8000
01.01.2014 00:25:46.828,1.50191,1.49991,1.5000,1.8900
01.01.2014 00:25:48.202,1.50190,1.49990,1.0000,1.0800
01.01.2014 00:25:49.698,1.50191,1.49991,2.1000,1.3100
01.01.2014 00:25:51.165,1.50193,1.49993,2.4600,2.5400
01.01.2014 00:25:52.571,1.50194,1.49994,1.6800,2.3000
01.01.2014 00:25:53.936,1.50193,1.49993,2.6300,2.1900
01.01.2014 00:25:55.276,1.50189,1.49989,2.7100,1.6800
01.01.2014 00:25:56.730,1.50190,1.49990,1.3600,1.8600
01.01.2014 00:25:58.182,1.50188,1.49988,2.0700,2.2700
01.01.2014 00:25:59.524,1.50188,1.49988,1.0800,1.6400
01.01.2014 00:26:01.035,1.50188,1.49988,2.3300,1.8700
01.01.2014 00:26:02.440,1.50189,1.49989,1.5200,1.1100
01.01.2014 00:26:03.779,1.50190,1.49990,1.6100,2.0600
01.01.2014 00:26:05.381,1.50192,1.49992,1.3300,1.7600
01.01.2014 00:26:06.816,1.50192,1.49992,2.4600,2.8500
01.01.2014 00:26:08.266,1.50195,1.49995,1.3800,2.3300
01.01.2014 00:26:09.803,1.50198,1.49998,1.9800,2.0600
01.01.2014 00:26:11.227,1.50194,1.49994,1.4000,2.6100
01.01.2014 00:26:12.819,1.50193,1.49993,1.8800,1.5500
01.01.2014 00:26:14.022,1.50194,1.49994,2.8700,2.8500
01.01.2014 00:26:15.215,1.50194,1.49994,2.4700,1.0700
01.01.2014 00:26:16.407,1.50193,1.49993,2.8400,1.0200
01.01.2014 00:26:17.972,1.50194,1.49994,1.9700,1.1700
01.01.2014 00:26:19.373,1.50195,1.49995,2.2300,1.4700
01.01.2014 00:26:20.503,1.50194,1.49994,1.1500,1.2100
01.01.2014 00:26:21.854,1.50195,1.49995,1.3900,2.0100
01.01.2014 00:26:23.156,1.50195,1.49995,1.0700,1.1100
01.01.2014 00:26:24.548,1.50194,1.49994,2.6900,1.5200
01.01.2014 00:26:25.896,1.50194,1.49994,1.9000,2.1600
01.01.2014 00:26:27.111,1.50195,1.49995,1.6300,1.2100
01.01.2014 00:26:28.433,1.50195,1.49995,2.5300,2.9300
01.01.2014 00:26:29.993,1.50196,1.49996,1.5700,2.2600
01.01.2014 00:26:31.277,1.50192,1.49992,2.5200,1.5600
01.01.2014 00:26:32.729,1.50192,1.49992,1.1100,1.9700
01.01.2014 00:26:34.150,1.50193,1.49993,2.0900,1.5000
01.01.2014 00:26:35.643,1.50192,1.49992,2.1200,2.0300
01.01.2014 00:26:37.032,1.50193,1.49993,2.2100,1.1600
01.01.2014 00:26:38.478,1.50193,1.49993,2.1500,1.2500
01.01.2014 00:26:40.025,1.50194,1.49994,1.8100,2.7600
01.01.2014 00:26:41.500,1.50194,1.49994,2.2500,1.2600
01.01.2014 00:26:42.800,1.50194,1.49994,2.8200,2.5200
01.01.2014 00:26:44.082,1.50195,1.49995,1.3700,2.5100
01.01.2014 00:26:45.328,1.50195,1.49995,2.2300,1.0800
01.01.2014 00:26:46.692,1.50192,1.49992,1.3000,2.9700
01.01.2014 00:26:48.053,1.50191,1.49991,1.4100,2.5400
01.01.2014 00:26:49.621,1.50188,1.49988,1.0400,1.0700
01.01.2014 00:26:51.152,1.50187,1.49987,2.7700,1.1700
01.01.2014 00:26:52.638,1.50188,1.49988,1.7800,2.6600
01.01.2014 00:26:53.928,1.50190,1.49990,2.8800,1.5500
01.01.2014 00:26:55.451,1.50188,1.49988,2.5300,2.8600
01.01.2014 00:26:56.911,1.50187,1.49987,2.4800,1.1300
01.01.2014 00:26:58.161,1.50186,1.49986,1.6100,2.9700
01.01.2014 00:26:59.696,1.50187,1.49987,2.9500,1.7500
01.01.2014 00:27:01.066,1.50189,1.49989,2.7400,1.3600
01.01.2014 00:27:02.581,1.50188,1.49988,1.7900,2.2200
01.01.2014 00:27:04.144,1.50187,1.49987,1.4600,1.1200
01.01.2014 00:27:05.520,1.50184,1.49984,1.3400,1.7100
01.01.2014 00:27:06.859,1.50184,1.49984,2.1700,2.7700
01.01.2014 00:27:08.290,1.50182,1.49982,2.3300,1.8400
01.01.2014 00:27:09.616,1.50185,1.49985,2.0100,1.0100
01.01.2014 00:27:11.123,1.50187,1.49987,1.0800,1.7400
01.01.2014 00:27:12.518,1.50188,1.49988,2.0000,2.8200
01.01.2014 00:27:13.980,1.50190,1.49990,2.6000,2.7300
01.01.2014 00:27:15.228,1.50187,1.49987,1.7700,2.9300
01.01.2014 00:27:16.576,1.50187,1.49987,2.7300,1.9600
01.01.2014 00:27:17.985,1.50186,1.49986,1.8300,2.7600
01.01.2014 00:27:19.437,1.50185,1.49985,2.1200,1.1100
01.01.2014 00:27:20.839,1.50186,1.49986,1.5800,1.9400
01.01.2014 00:27:22.195,1.50187,1.49987,1.3900,1.2600
01.01.2014 00:27:23.694,1.50186,1.49986,1.9400,1.4500
01.01.2014 00:27:25.046,1.50184,1.49984,2.8800,1.6900
01.01.2014 00:27:26.445,1.50185,1.49985,1.3600,2.7800
01.01.2014 00:27:28.026,1.50184,1.49984,2.9700,1.1000
01.01.2014 00:27:29.454,1.50183,1.49983,1.5600,1.3700
01.01.2014 00:27:30.806,1.50184,1.49984,1.9400,2.2100
01.01.2014 00:27:32.164,1.50184,1.49984,2.5700,1.0200
01.01.2014 00:27:33.604,1.50184,1.49984,1.8700,2.0700
01.01.2014 00:27:34.765,1.50184,1.49984,2.7700,2.7900
01.01.2014 00:27:36.275,1.50181,1.49981,2.8500,2.9200
01.01.2014 00:27:37.374,1.50182,1.49982,1.5600,2.9200
01.01.2014 00:27:38.799,1.50180,1.49980,1.5700,1.5600
01.01.2014 00:27:40.210,1.50179,1.49979,1.1700,1.3100
01.01.2014 00:27:41.659,1.50174,1.49974,1.5200,1.6300
01.01.2014 00:27:43.033,1.50173,1.49973,2.9300,2.8900
01.01.2014 00:27:44.513,1.50170,1.49970,2.8200,1.0100
01.01.2014 00:27:45.918,1.50171,1.49971,1.0300,1.5200
01.01.2014 00:27:47.503,1.50170,1.49970,2.4700,2.9900
01.01.2014 00:27:48.936,1.50167,1.49967,2.0700,1.8100
01.01.2014 00:27:50.335,1.50169,1.49969,2.2100,1.4500
01.01.2014 00:27:51.922,1.50170,1.49970,2.0300,2.9800
01.01.2014 00:27:53.165,1.50172,1.49972,2.5400,1.3400
01.01.2014 00:27:54.409,1.50170,1.49970,1.8600,2.5600
01.01.2014 00:27:55.954,1.50170,1.49970,2.1500,1.6800
01.01.2014 00:27:57.295,1.50171,1.49971,1.4500,2.0100
01.01.2014 00:27:58.712,1.50174,1.49974,1.8900,2.9300
01.01.2014 00:28:00.219,1.50175,1.49975,1.2800,2.1400
01.01.2014 00:28:01.642,1.50176,1.49976,2.4400,1.7400
01.01.2014 00:28:03.033,1.50175,1.49975,1.7900,2.7300
01.01.2014 00:28:04.509,1.50175,1.49975,2.9300,1.8900
01.01.2014 00:28:05.938,1.50171,1.49971,2.3800,1.5500
01.01.2014 00:28:07.325,1.50170,1.49970,1.7100,1.6300
01.01.2014 00:28:08.523,1.50170,1.49970,1.3800,1.6200
01.01.2014 00:28:09.916,1.50171,1.49971,1.8900,2.1500
01.01.2014 00:28:11.432,1.50173,1.49973,2.2100,1.1800
01.01.2014 00:28:12.786,1.50173,1.49973,2.1900,2.4800
01.01.2014 00:28:14.237,1.50172,1.49972,1.0600,2.6900
01.01.2014 00:28:15.489,1.50172,1.49972,1.2700,2.9100
01.01.2014 00:28:17.009,1.50169,1.49969,2.0900,1.2500
01.01.2014 00:28:18.311,1.50168,1.49968,1.4300,1.8200
01.01.2014 00:28:19.614,1.50169,1.49969,1.7300,1.7800
01.01.2014 00:28:20.951,1.50170,1.49970,1.1400,1.6300
01.01.2014 00:28:22.355,1.50167,1.49967,2.5600,2.7200
01.01.2014 00:28:23.714,1.50169,1.49969,2.3700,1.6300
01.01.2014 00:28:25.130,1.50168,1.49968,1.0200,1.8200
01.01.2014 00:28:26.652,1.50166,1.49966,2.5300,1.6100
01.01.2014 00:28:27.992,1.50168,1.49968,1.8900,2.4500
01.01.2014 00:28:29.460,1.50166,1.49966,2.2200,2.8300
01.01.2014 00:28:30.907,1.50165,1.49965,2.1400,1.5500
01.01.2014 00:28:32.101,1.50164,1.49964,2.1600,2.7800
01.01.2014 00:28:33.696,1.50166,1.49966,2.0400,1.1000
01.01.2014 00:28:35.091,1.50164,1.49964,1.6200,1.3600
01.01.2014 00:28:36.288,1.50164,1.49964,1.5200,1.9300
01.01.2014 00:28:37.728,1.50165,1.49965,1.2100,2.5500
01.01.2014 00:28:39.187,1.50166,1.49966,1.2300,2.2900
01.01.2014 00:28:40.615,1.50168,1.49968,2.2900,1.9200
01.01.2014 00:28:41.962,1.50168,1.49968,2.2800,1.1600
01.01.2014 00:28:43.188,1.50167,1.49967,2.0900,1.2700
01.01.2014 00:28:44.687,1.50168,1.49968,1.3300,1.2100
01.01.2014 00:28:45.850,1.50171,1.49971,1.2100,2.3000
01.01.2014 00:28:47.266,1.50171,1.49971,2.2500,1.1500
01.01.2014 00:28:48.605,1.50171,1.49971,1.5200,1.7700
01.01.2014 00:28:50.020,1.50172,1.49972,2.6700,2.4200
01.01.2014 00:28:51.452,1.50171,1.49971,1.5500,2.2800
01.01.2014 00:28:52.762,1.50169,1.49969,2.8600,1.0500
01.01.2014 00:28:54.270,1.50171,1.49971,2.6700,2.9500
01.01.2014 00:28:55.719,1.50173,1.49973,2.2900,1.2600
01.01.2014 00:28:57.106,1.50174,1.49974,1.0800,1.7200
01.01.2014 00:28:58.561,1.50176,1.49976,1.9200,1.1100
01.01.2014 00:28:59.855,1.50172,1.49972,2.8600,2.2800
01.01.2014 00:29:01.281,1.50169,1.49969,1.1300,2.9500
01.01.2014 00:29:02.646,1.50165,1.49965,1.7100,2.3700
01.01.2014 00:29:04.171,1.50167,1.49967,1.5400,1.6300
01.01.2014 00:29:05.606,1.50166,1.49966,1.0800,2.2000
01.01.2014 00:29:06.828,1.50162,1.49962,1.1500,2.3400
01.01.2014 00:29:08.173,1.50163,1.49963,1.8400,2.6800
01.01.2014 00:29:09.539,1.50164,1.49964,2.1000,1.3800
01.01.2014 00:29:10.994,1.50165,1.49965,1.1000,2.6900
01.01.2014 00:29:12.200,1.50164,1.49964,2.0900,1.1800
01.01.2014 00:29:13.648,1.50167,1.49967,1.3700,1.3800
01.01.2014 00:29:15.163,1.50167,1.49967,1.0300,1.1000
01.01.2014 00:29:16.690,1.50168,1.49968,1.6500,1.7000
01.01.2014 00:29:17.935,1.50169,1.49969,1.0500,2.4700
01.01.2014 00:29:19.454,1.50172,1.49972,2.4800,2.3500
01.01.2014 00:29:20.796,1.50170,1.49970,1.2500,1.2600
01.01.2014 00:29:22.281,1.50171,1.49971,2.9300,2.2600
01.01.2014 00:29:23.713,1.50173,1.49973,2.2400,2.5600
01.01.2014 00:29:25.198,1.50174,1.49974,1.1100,2.5000
01.01.2014 00:29:26.552,1.50175,1.49975,2.2800,1.6300
01.01.2014 00:29:27.832,1.50176,1.49976,2.4200,1.3500
01.01.2014 00:29:29.229,1.50173,1.49973,2.8300,1.4200
01.01.2014 00:29:30.671,1.50172,1.49972,2.0000,2.8200
01.01.2014 00:29:32.110,1.50170,1.49970,1.4700,1.3100
01.01.2014 00:29:33.596,1.50173,1.49973,2.5100,1.6200
01.01.2014 00:29:34.779,1.50172,1.49972,2.9700,1.5800
01.01.2014 00:29:36.083,1.50170,1.49970,2.1300,1.5000
01.01.2014 00:29:37.462,1.50170,1.49970,2.7900,1.2100
01.01.2014 00:29:38.931,1.50171,1.49971,1.3400,2.9400
01.01.2014 00:29:40.397,1.50171,1.49971,2.3500,1.6000
01.01.2014 00:29:41.738,1.50169,1.49969,1.1900,1.2900
01.01.2014 00:29:43.120,1.50168,1.49968,2.5900,1.2800
01.01.2014 00:29:44.555,1.50166,1.49966,1.3900,1.2000
01.01.2014 00:29:45.906,1.50168,1.49968,2.3100,2.0700
01.01.2014 00:29:47.424,1.50170,1.49970,2.2600,1.5300
01.01.2014 00:29:48.819,1.50169,1.49969,2.7800,2.1400
01.01.2014 00:29:50.269,1.50168,1.49968,2.3500,2.9600
01.01.2014 00:29:51.743,1.50166,1.49966,1.2100,2.5600
01.01.2014 00:29:53.121,1.50168,1.49968,2.2600,1.8600
01.01.2014 00:29:54.339,1.50167,1.49967,2.5200,2.8700
01.01.2014 00:29:55.776,1.50168,1.49968,1.5100,1.1300
01.01.2014 00:29:57.217,1.50167,1.49967,2.2700,2.4400
01.01.2014 00:29:58.704,1.50166,1.49966,1.0600,1.7500
01.01.2014 00:30:00.004,1.50166,1.49966,2.6500,1.4700
01.01.2014 00:30:01.297,1.50169,1.49969,2.1900,1.2100
01.01.2014 00:30:02.776,1.50168,1.49968,3.0000,1.4200
01.01.2014 00:30:04.261,1.50166,1.49966,2.9300,2.8300
01.01.2014 00:30:05.807,1.50166,1.49966,1.2700,2.9500
01.01.2014 00:30:07.147,1.50165,1.49965,1.5400,2.6300
01.01.2014 00:30:08.472,1.50165,1.49965,1.6800,2.9600
01.01.2014 00:30:09.754,1.50168,1.49968,1.3300,2.9700
01.01.2014 00:30:11.098,1.50169,1.49969,1.1400,1.1100
01.01.2014 00:30:12.519,1.50167,1.49967,2.8600,1.9900
01.01.2014 00:30:13.900,1.50169,1.49969,2.4200,2.4600
01.01.2014 00:30:15.254,1.50168,1.49968,2.2700,1.1400
01.01.2014 00:30:16.708,1.50164,1.49964,2.9900,1.9500
01.01.2014 00:30:18.081,1.50166,1.49966,2.5900,2.1900
01.01.2014 00:30:19.459,1.50167,1.49967,2.2100,2.2600
01.01.2014 00:30:20.750,1.50167,1.49967,1.1900,1.0300
01.01.2014 00:30:22.115,1.50168,1.49968,1.4200,2.4700
01.01.2014 00:30:23.522,1.50165,1.49965,1.3300,2.9200
01.01.2014 00:30:25.066,1.50164,1.49964,1.2900,1.0200
01.01.2014 00:30:26.472,1.50163,1.49963,1.9100,2.0400
01.01.2014 00:30:27.870,1.50163,1.49963,2.4400,1.8900
01.01.2014 00:30:29.181,1.50164,1.49964,2.6300,2.1800
01.01.2014 00:30:30.515,1.50163,1.49963,2.2600,2.6600
01.01.2014 00:30:31.760,1.50162,1.49962,2.7300,2.3400
01.01.2014 00:30:33.092,1.50158,1.49958,1.4100,2.2500
01.01.2014 00:30:34.291,1.50154,1.49954,2.1300,2.8300
01.01.2014 00:30:35.668,1.50156,1.49956,2.4400,2.1700
01.01.2014 00:30:36.929,1.50156,1.49956,1.9300,1.4900
01.01.2014 00:30:38.304,1.50157,1.49957,2.9000,2.0700
01.01.2014 00:30:39.774,1.50161,1.49961,1.2600,1.7500
01.01.2014 00:30:41.199,1.50159,1.49959,1.8900,2.5600
01.01.2014 00:30:42.542,1.50159,1.49959,1.8100,2.8500
01.01.2014 00:30:43.878,1.50161,1.49961,2.0300,1.1700
01.01.2014 00:30:45.343,1.50158,1.49958,1.2200,2.9300
01.01.2014 00:30:46.791,1.50157,1.49957,1.4900,2.4400
01.01.2014 00:30:48.261,1.50159,1.49959,2.2300,2.7800
01.01.2014 00:30:49.638,1.50158,1.49958,1.5000,2.9800
01.01.2014 00:30:51.185,1.50156,1.49956,2.3700,1.4200
01.01.2014 00:30:52.505,1.50155,1.49955,1.8200,1.4700
01.01.2014 00:30:53.897,1.50155,1.49955,1.6800,1.0100
01.01.2014 00:30:55.392,1.50156,1.49956,1.2900,1.3200
01.01.2014 00:30:56.843,1.50158,1.49958,1.0900,2.2500
01.01.2014 00:30:58.144,1.50156,1.49956,2.5400,2.6200
01.01.2014 00:30:59.601,1.50156,1.49956,1.8100,2.5400
01.01.2014 00:31:01.097,1.50156,1.49956,2.8200,1.1700
01.01.2014 00:31:02.436,1.50157,1.49957,2.6100,2.7000
01.01.2014 00:31:03.844,1.50157,1.49957,1.1000,1.3000
01.01.2014 00:31:05.483,1.50159,1.49959,2.2900,1.0300
01.01.2014 00:31:06.955,1.50159,1.49959,2.3300,2.6500
01.01.2014 00:31:08.358,1.50159,1.49959,1.9200,2.0000
01.01.2014 00:31:09.779,1.50158,1.49958,2.0100,2.5300
01.01.2014 00:31:11.060,1.50158,1.49958,2.3000,1.3400
01.01.2014 00:31:12.489,1.50159,1.49959,1.3100,2.9200
01.01.2014 00:31:13.810,1.50159,1.49959,2.2500,1.5100
01.01.2014 00:31:15.262,1.50160,1.49960,2.9600,2.0000
01.01.2014 00:31:16.822,1.50160,1.49960,1.2600,2.0900
01.01.2014 00:31:18.136,1.50160,1.49960,1.8400,2.7100
01.01.2014 00:31:19.512,1.50159,1.49959,2.7500,1.2600
01.01.2014 00:31:20.858,1.50160,1.49960,2.2500,1.7100
01.01.2014 00:31:22.192,1.50161,1.49961,2.2800,1.4700
01.01.2014 00:31:23.659,1.50162,1.49962,1.2500,2.7300
01.01.2014 00:31:24.960,1.50162,1.49962,1.8600,1.3200
01.01.2014 00:31:26.463,1.50163,1.49963,1.2100,2.0100
01.01.2014 00:31:27.927,1.50163,1.49963,2.0700,1.7900
01.01.2014 00:31:29.325,1.50165,1.49965,1.9400,1.9800
01.01.2014 00:31:30.753,1.50166,1.49966,1.8100,1.6700
01.01.2014 00:31:32.428,1.50165,1.49965,1.4800,2.5900
01.01.2014 00:31:33.619,1.50165,1.49965,1.2100,1.4800
01.01.2014 00:31:35.008,1.50165,1.49965,1.3400,1.9200
01.01.2014 00:31:36.456,1.50162,1.49962,2.1000,1.7100
01.01.2014 00:31:37.907,1.50162,1.49962,1.7500,1.5200
01.01.2014 00:31:39.281,1.50159,1.49959,2.5200,1.4100
01.01.2014 00:31:40.823,1.50159,1.49959,1.6800,2.1300
01.01.2014 00:31:42.289,1.50157,1.49957,1.1000,2.7100
01.01.2014 00:31:43.720,1.50157,1.49957,1.7100,2.4500
01.01.2014 00:31:45.183,1.50156,1.49956,1.2500,1.3600
01.01.2014 00:31:46.498,1.50156,1.49956,1.3900,2.8900
01.01.2014 00:31:47.892,1.50157,1.49957,2.8500,2.0900
01.01.2014 00:31:49.384,1.50155,1.49955,2.3200,2.9800
01.01.2014 00:31:50.871,1.50153,1.49953,1.1000,1.2300
01.01.2014 00:31:52.330,1.50154,1.49954,2.0200,1.6000
01.01.2014 00:31:53.683,1.50153,1.49953,1.7500,2.5100
01.01.2014 00:31:55.003,1.50153,1.49953,1.0400,1.2000
01.01.2014 00:31:56.471,1.50153,1.49953,2.2700,2.6000
01.01.2014 00:31:57.653,1.50152,1.49952,1.2200,2.7500
01.01.2014 00:31:58.997,1.50153,1.49953,2.0200,1.9700
01.01.2014 00:32:00.450,1.50153,1.49953,2.1600,2.0800
01.01.2014 00:32:01.937,1.50155,1.49955,1.2700,2.6700
01.01.2014 00:32:03.290,1.50153,1.49953,1.5000,1.7400
01.01.2014 00:32:04.682,1.50151,1.49951,1.8100,2.9700
01.01.2014 00:32:06.097,1.50150,1.49950,1.1100,2.6700
01.01.2014 00:32:07.805,1.50152,1.49952,2.1200,1.3400
01.01.2014 00:32:09.144,1.50151,1.49951,2.1900,1.4200
01.01.2014 00:32:10.476,1.50152,1.49952,1.2700,1.2900
01.01.2014 00:32:11.975,1.50155,1.49955,2.5700,2.8700
01.01.2014 00:32:13.290,1.50155,1.49955,1.4900,2.6800
01.01.2014 00:32:14.613,1.50158,1.49958,2.8400,2.3000
01.01.2014 00:32:15.930,1.50156,1.49956,1.8000,1.1000
01.01.2014 00:32:17.224,1.50156,1.49956,1.8000,1.7000
01.01.2014 00:32:18.691,1.50157,1.49957,1.3100,1.7300
01.01.2014 00:32:19.988,1.50156,1.49956,2.6000,2.4100
01.01.2014 00:32:21.339,1.50155,1.49955,1.2100,2.2600
01.01.2014 00:32:22.687,1.50157,1.49957,2.1600,2.8200
01.01.2014 00:32:23.960,1.50157,1.49957,1.7600,2.6900
01.01.2014 00:32:25.495,1.50159,1.49959,2.7300,2.7900
01.01.2014 00:32:27.061,1.50160,1.49960,2.5100,2.2100
01.01.2014 00:32:28.506,1.50159,1.49959,2.4400,1.1700
01.01.2014 00:32:29.777,1.50159,1.49959,1.6700,1.0400
01.01.2014 00:32:31.286,1.50155,1.49955,2.2400,2.3300
01.01.2014 00:32:32.640,1.50156,1.49956,1.2400,2.7000
01.01.2014 00:32:34.041,1.50158,1.49958,2.9600,1.1900
01.01.2014 00:32:35.539,1.50155,1.49955,1.7000,2.8600
01.01.2014 00:32:36.947,1.50154,1.49954,2.1800,2.3100
01.01.2014 00:32:38.273,1.50152,1.49952,2.6900,1.3900
01.01.2014 00:32:39.697,1.50154,1.49954,2.5200,2.4300
01.01.2014 00:32:41.130,1.50152,1.49952,2.7400,1.8600
01.01.2014 00:32:42.525,1.50153,1.49953,1.2900,1.7800
01.01.2014 00:32:43.913,1.50153,1.49953,2.7400,2.7600
01.01.2014 00:32:45.247,1.50153,1.49953,2.4500,1.6200
01.01.2014 00:32:46.618,1.50155,1.49955,1.9700,2.5600
01.01.2014 00:32:47.917,1.50152,1.49952,1.7500,1.7300
01.01.2014 00:32:49.455,1.50152,1.49952,1.7200,2.0500
01.01.2014 00:32:50.735,1.50154,1.49954,1.5600,2.8700
01.01.2014 00:32:52.191,1.50156,1.49956,2.3000,1.0600
01.01.2014 00:32:53.611,1.50160,1.49960,2.0900,1.7200
01.01.2014 00:32:54.999,1.50161,1.49961,1.9300,1.1100
01.01.2014 00:32:56.470,1.50167,1.49967,1.4900,2.4900
01.01.2014 00:32:57.828,1.50166,1.49966,1.9200,1.5700
01.01.2014 00:32:59.301,1.50164,1.49964,2.3000,2.6500
01.01.2014 00:33:00.628,1.50163,1.49963,1.5500,2.9600
01.01.2014 00:33:02.187,1.50165,1.49965,1.0100,2.0400
01.01.2014 00:33:03.595,1.50164,1.49964,2.8400,2.9400
01.01.2014 00:33:04.785,1.50167,1.49967,2.8900,2.3500
01.01.2014 00:33:06.179,1.50166,1.49966,1.4800,1.9400
01.01.2014 00:33:07.807,1.50163,1.49963,1.7100,1.3300
01.01.2014 00:33:09.335,1.50163,1.49963,2.3300,1.6800
01.01.2014 00:33:10.809,1.50164,1.49964,2.9400,2.7800
01.01.2014 00:33:12.280,1.50168,1.49968,1.0600,1.4900
01.01.2014 00:33:13.899,1.50167,1.49967,2.1100,2.4900
01.01.2014 00:33:15.348,1.50164,1.49964,1.1800,1.8300
01.01.2014 00:33:16.831,1.50166,1.49966,2.9800,1.5600
01.01.2014 00:33:18.024,1.50166,1.49966,1.8800,2.7100
01.01.2014 00:33:19.497,1.50167,1.49967,1.4100,2.7500
01.01.2014 00:33:20.775,1.50165,1.49965,2.0200,2.8800
01.01.2014 00:33:22.161,1.50164,1.49964,2.7100,1.7900
01.01.2014 00:33:23.528,1.50162,1.49962,1.7700,2.8300
01.01.2014 00:33:24.931,1.50165,1.49965,2.9800,1.9300
01.01.2014 00:33:26.213,1.50164,1.49964,2.9000,2.5300
01.01.2014 00:33:27.674,1.50162,1.49962,2.4400,2.8800
01.01.2014 00:33:29.078,1.50163,1.49963,2.5500,2.1200
01.01.2014 00:33:30.379,1.50164,1.49964,1.2500,2.0600
01.01.2014 00:33:31.874,1.50168,1.49968,2.9400,1.9700
01.01.2014 00:33:33.283,1.50166,1.49966,2.6800,2.9900
01.01.2014 00:33:34.501,1.50165,1.49965,2.8100,1.3800
01.01.2014 00:33:35.762,1.50168,1.49968,1.0800,1.6900
01.01.2014 00:33:37.250,1.50166,1.49966,2.9000,1.5400
01.01.2014 00:33:38.574,1.50166,1.49966,2.8700,2.5300
01.01.2014 00:33:40.077,1.50167,1.49967,2.3000,2.9400
01.01.2014 00:33:41.517,1.50167,1.49967,2.0300,1.2300
01.01.2014 00:33:42.809,1.50167,1.49967,2.1800,1.9600
01.01.2014 00:33:44.205,1.50165,1.49965,2.9000,1.7700
01.01.2014 00:33:45.773,1.50164,1.49964,2.2100,1.6000
01.01.2014 00:33:47.035,1.50163,1.49963,2.9300,1.2600
01.01.2014 00:33:48.409,1.50163,1.49963,1.4400,2.5600
01.01.2014 00:33:49.781,1.50163,1.49963,1.1700,2.6200
01.01.2014 00:33:51.196,1.50163,1.49963,2.7100,2.3700
01.01.2014 00:33:52.636,1.50164,1.49964,2.0200,1.4700
01.01.2014 00:33:54.084,1.50165,1.49965,2.9600,1.3100
01.01.2014 00:33:55.414,1.50164,1.49964,2.5900,1.3700
01.01.2014 00:33:56.918,1.50164,1.49964,2.1100,2.8000
01.01.2014 00:33:58.305,1.50163,1.49963,2.3400,2.7800
01.01.2014 00:33:59.933,1.50162,1.49962,1.3800,2.6100
01.01.2014 00:34:01.246,1.50162,1.49962,2.1200,2.0100
01.01.2014 00:34:02.628,1.50160,1.49960,1.6700,2.0400
01.01.2014 00:34:04.018,1.50160,1.49960,2.5200,2.4300
01.01.2014 00:34:05.368,1.50160,1.49960,2.5100,2.9100
01.01.2014 00:34:06.691,1.50158,1.49958,1.3700,2.1500
01.01.2014 00:34:08.050,1.50156,1.49956,2.3900,2.1200
01.01.2014 00:34:09.320,1.50154,1.49954,2.1200,1.0100
01.01.2014 00:34:10.742,1.50153,1.49953,2.8400,1.5400
01.01.2014 00:34:12.246,1.50150,1.49950,2.7600,2.8800
01.01.2014 00:34:13.609,1.50150,1.49950,2.3400,1.8200
01.01.2014 00:34:14.945,1.50150,1.49950,1.3800,2.5800
01.01.2014 00:34:16.161,1.50149,1.49949,1.7700,2.7100
01.01.2014 00:34:17.476,1.50151,1.49951,1.2400,1.5000
01.01.2014 00:34:18.891,1.50152,1.49952,2.0700,2.1900
01.01.2014 00:34:20.407,1.50151,1.49951,2.0500,1.2300
01.01.2014 00:34:21.818,1.50149,1.49949,2.8700,1.6200
01.01.2014 00:34:23.254,1.50150,1.49950,1.5000,1.0700
01.01.2014 00:34:24.683,1.50149,1.49949,1.4000,1.7400
01.01.2014 00:34:26.261,1.50149,1.49949,1.2300,1.8100
01.01.2014 00:34:27.955,1.50147,1.49947,2.6400,1.3400
01.01.2014 00:34:29.415,1.50149,1.49949,2.1100,2.4000
01.01.2014 00:34:30.709,1.50148,1.49948,2.3300,2.0500
01.01.2014 00:34:31.969,1.50150,1.49950,2.8100,2.1700
01.01.2014 00:34:33.359,1.50149,1.49949,2.5100,2.5900
01.01.2014 00:34:34.856,1.50149,1.49949,1.5400,1.8200
01.01.2014 00:34:36.338,1.50150,1.49950,1.1800,2.7300
01.01.2014 00:34:37.642,1.50149,1.49949,1.4800,1.8400
01.01.2014 00:34:38.960,1.50147,1.49947,1.2700,1.5900
01.01.2014 00:34:40.197,1.50150,1.49950,1.6900,2.4900
01.01.2014 00:34:41.625,1.50151,1.49951,1.6600,2.4900
01.01.2014 00:34:43.134,1.50150,1.49950,1.4900,1.1300
01.01.2014 00:34:44.400,1.50151,1.49951,2.1100,2.0600
01.01.2014 00:34:45.680,1.50152,1.49952,2.7300,1.6200
01.01.2014 00:34:46.933,1.50150,1.49950,2.0900,1.1500
01.01.2014 00:34:48.269,1.50151,1.49951,2.3500,2.6100
01.01.2014 00:34:49.831,1.50152,1.49952,2.3200,1.7100
01.01.2014 00:34:51.170,1.50153,1.49953,2.1400,2.4900
01.01.2014 00:34:52.421,1.50152,1.49952,1.9200,2.6400
01.01.2014 00:34:53.829,1.50153,1.49953,2.3200,2.8100
01.01.2014 00:34:55.208,1.50153,1.49953,2.4200,2.6500
01.01.2014 00:34:56.582,1.50154,1.49954,1.1800,1.8800
01.01.2014 00:34:57.906,1.50153,1.49953,2.5400,1.1500
01.01.2014 00:34:59.279,1.50155,1.49955,2.1900,1.1800
01.01.2014 00:35:00.613,1.50154,1.49954,2.9200,2.6100
01.01.2014 00:35:01.862,1.50154,1.49954,2.8700,1.6900
01.01.2014 00:35:03.285,1.50152,1.49952,2.8900,1.0100
01.01.2014 00:35:04.793,1.50152,1.49952,1.9500,2.9900
01.01.2014 00:35:06.141,1.50153,1.49953,2.9900,1.8200
01.01.2014 00:35:07.589,1.50150,1.49950,1.6100,1.1700
01.01.2014 00:35:09.014,1.50152,1.49952,3.0000,1.5700
01.01.2014 00:35:10.337,1.50151,1.49951,1.3300,1.5700
01.01.2014 00:35:11.703,1.50152,1.49952,1.2300,2.7400
01.01.2014 00:35:12.997,1.50153,1.49953,1.8600,1.5700
01.01.2014 00:35:14.364,1.50155,1.49955,2.9800,1.1100
01.01.2014 00:35:15.737,1.50152,1.49952,2.0100,1.6300
01.01.2014 00:35:17.198,1.50153,1.49953,2.8800,2.6100
01.01.2014 00:35:18.615,1.50155,1.49955,2.6500,1.6100
01.01.2014 00:35:19.852,1.50153,1.49953,1.9300,1.5700
01.01.2014 00:35:21.247,1.50153,1.49953,1.2000,2.0500
01.01.2014 00:35:22.628,1.50151,1.49951,1.8700,2.6000
01.01.2014 00:35:23.979,1.50154,1.49954,1.6700,1.6300
01.01.2014 00:35:25.270,1.50153,1.49953,1.4700,2.8700
01.01.2014 00:35:26.713,1.50155,1.49955,1.9600,2.0400
01.01.2014 00:35:28.174,1.50154,1.49954,1.3900,1.4300
01.01.2014 00:35:29.483,1.50156,1.49956,2.8600,1.1800
01.01.2014 00:35:30.967,1.50156,1.49956,2.8100,1.3100
01.01.2014 00:35:32.502,1.50154,1.49954,1.3200,2.9400
01.01.2014 00:35:33.769,1.50150,1.49950,2.2000,1.1400
01.01.2014 00:35:35.179,1.50151,1.49951,1.0400,1.6500
01.01.2014 00:35:36.438,1.50152,1.49952,2.8200,2.2700
01.01.2014 00:35:37.649,1.50152,1.49952,1.7900,1.3600
01.01.2014 00:35:39.102,1.50152,1.49952,2.0100,1.1700
01.01.2014 00:35:40.349,1.50154,1.49954,2.7100,1.8700
01.01.2014 00:35:41.697,1.50153,1.49953,2.5400,1.5300
01.01.2014 00:35:43.026,1.50154,1.49954,1.6400,1.9300
01.01.2014 00:35:44.369,1.50152,1.49952,1.3000,2.0200
01.01.2014 00:35:45.861,1.50152,1.49952,2.8600,1.7700
01.01.2014 00:35:47.358,1.50152,1.49952,2.6100,1.0100
01.01.2014 00:35:48.680,1.50150,1.49950,1.4600,1.4000
01.01.2014 00:35:50.091,1.50149,1.49949,1.5300,1.1000
01.01.2014 00:35:51.560,1.50148,1.49948,2.7000,1.9700
01.01.2014 00:35:52.994,1.50148,1.49948,1.4000,1.4300
01.01.2014 00:35:54.309,1.50147,1.49947,1.7600,2.8200
01.01.2014 00:35:55.574,1.50150,1.49950,2.8700,1.1000
01.01.2014 00:35:57.006,1.50147,1.49947,2.2300,1.0800
01.01.2014 00:35:58.577,1.50145,1.49945,2.4000,2.2800
01.01.2014 00:35:59.914,1.50145,1.49945,1.8500,1.2600
01.01.2014 00:36:01.310,1.50146,1.49946,1.6300,2.5300
01.01.2014 00:36:02.513,1.50146,1.49946,2.6200,2.7300
01.01.2014 00:36:03.881,1.50146,1.49946,2.1300,2.5300
01.01.2014 00:36:05.243,1.50145,1.49945,2.7600,1.0400
01.01.2014 00:36:06.626,1.50148,1.49948,1.8900,1.0100
01.01.2014 00:36:07.978,1.50150,1.49950,2.0800,2.3500
01.01.2014 00:36:09.386,1.50150,1.49950,2.0600,1.8000
01.01.2014 00:36:10.800,1.50150,1.49950,1.6000,1.2500
01.01.2014 00:36:12.159,1.50152,1.49952,2.3200,1.9400
01.01.2014 00:36:13.602,1.50150,1.49950,1.1200,1.8300
01.01.2014 00:36:14.782,1.50152,1.49952,2.5000,2.6600
01.01.2014 00:36:16.199,1.50150,1.49950,2.8700,2.6700
01.01.2014 00:36:17.550,1.50151,1.49951,1.8600,1.9400
01.01.2014 00:36:18.928,1.50151,1.49951,2.8600,2.1600
01.01.2014 00:36:20.391,1.50151,1.49951,1.6900,2.2400
01.01.2014 00:36:21.842,1.50152,1.49952,1.7000,1.7500
01.01.2014 00:36:23.167,1.50151,1.49951,1.5000,2.6100
01.01.2014 00:36:24.482,1.50150,1.49950,2.0100,2.7300
01.01.2014 00:36:25.864,1.50150,1.49950,1.7100,2.5000
01.01.2014 00:36:27.395,1.50151,1.49951,2.9200,2.5900
01.01.2014 00:36:28.779,1.50155,1.49955,1.0800,2.9700
01.01.2014 00:36:30.074,1.50154,1.49954,2.3300,1.5700
01.01.2014 00:36:31.643,1.50157,1.49957,1.8900,2.6700
01.01.2014 00:36:33.006,1.50154,1.49954,2.0800,2.3300
01.01.2014 00:36:34.357,1.50157,1.49957,2.2900,1.3000
01.01.2014 00:36:35.740,1.50158,1.49958,2.4600,1.0400
01.01.2014 00:36:37.133,1.50155,1.49955,2.7600,2.0500
01.01.2014 00:36:38.530,1.50156,1.49956,1.9800,1.2400
01.01.2014 00:36:39.868,1.50158,1.49958,2.8000,2.8200
01.01.2014 00:36:41.271,1.50159,1.49959,2.3500,2.5600
01.01.2014 00:36:42.698,1.50157,1.49957,1.0700,2.0000
01.01.2014 00:36:44.064,1.50156,1.49956,1.7300,1.8600
01.01.2014 00:36:45.397,1.50157,1.49957,2.0100,1.3700
01.01.2014 00:36:46.987,1.50159,1.49959,2.1100,2.4800
01.01.2014 00:36:48.504,1.50157,1.49957,1.8700,1.9700
01.01.2014 00:36:50.023,1.50160,1.49960,1.6200,1.1700
01.01.2014 00:36:51.347,1.50161,1.49961,1.7100,2.1800
01.01.2014 00:36:52.788,1.50160,1.49960,1.0200,1.4000
01.01.2014 00:36:54.199,1.50161,1.49961,1.5200,1.1300
01.01.2014 00:36:55.578,1.50163,1.49963,2.4400,2.8400
01.01.2014 00:36:56.851,1.50162,1.49962,2.0300,2.8200
01.01.2014 00:36:58.317,1.50165,1.49965,2.8100,1.2400
01.01.2014 00:36:59.821,1.50165,1.49965,1.8200,1.9600
01.01.2014 00:37:01.204,1.50165,1.49965,1.6500,2.8900
01.01.2014 00:37:02.572,1.50162,1.49962,2.3400,1.3200
01.01.2014 00:37:04.144,1.50162,1.49962,2.7300,2.2500
01.01.2014 00:37:05.462,1.50162,1.49962,2.8900,1.2700
01.01.2014 00:37:06.788,1.50164,1.49964,2.8700,2.4400
01.01.2014 00:37:08.110,1.50165,1.49965,1.8900,2.2400
01.01.2014 00:37:09.476,1.50165,1.49965,2.9200,2.7800
01.01.2014 00:37:10.955,1.50164,1.49964,2.0400,1.9200
01.01.2014 00:37:12.431,1.50161,1.49961,2.4600,1.8200
01.01.2014 00:37:13.976,1.50163,1.49963,2.4200,1.1000
01.01.2014 00:37:15.363,1.50165,1.49965,1.5200,1.4800
01.01.2014 00:37:16.864,1.50164,1.49964,1.7600,2.5000
01.01.2014 00:37:18.258,1.50163,1.49963,2.9800,2.5400
01.01.2014 00:37:19.659,1.50161,1.49961,1.4700,1.8200
01.01.2014 00:37:21.128,1.50162,1.49962,1.4600,2.8400
01.01.2014 00:37:22.355,1.50164,1.49964,2.0000,2.2100
01.01.2014 00:37:23.691,1.50168,1.49968,2.0100,1.3500
01.01.2014 00:37:25.109,1.50170,1.49970,1.2600,2.5300
01.01.2014 00:37:26.414,1.50170,1.49970,2.0400,1.2300
01.01.2014 00:37:27.757,1.50167,1.49967,1.7700,2.5900
01.01.2014 00:37:29.031,1.50167,1.49967,1.5300,2.0200
01.01.2014 00:37:30.464,1.50165,1.49965,2.1300,2.4300
01.01.2014 00:37:31.824,1.50164,1.49964,2.7900,2.9400
01.01.2014 00:37:33.213,1.50165,1.49965,1.0200,1.8800
01.01.2014 00:37:34.619,1.50164,1.49964,1.6800,1.9500
01.01.2014 00:37:36.117,1.50165,1.49965,2.3200,1.8700
01.01.2014 00:37:37.525,1.50163,1.49963,1.5700,1.0900
01.01.2014 00:37:39.011,1.50164,1.49964,1.3300,2.6200
01.01.2014 00:37:40.456,1.50163,1.49963,1.6400,2.1000
01.01.2014 00:37:41.813,1.50166,1.49966,1.5100,1.3800
01.01.2014 00:37:43.168,1.50164,1.49964,1.9700,1.7100
01.01.2014 00:37:44.581,1.50164,1.49964,2.2800,1.0500
01.01.2014 00:37:46.084,1.50164,1.49964,1.6000,1.1900
01.01.2014 00:37:47.542,1.50166,1.49966,2.1400,1.1100
01.01.2014 00:37:48.975,1.50164,1.49964,1.4200,2.0100
01.01.2014 00:37:50.199,1.50165,1.49965,2.9000,2.6800
01.01.2014 00:37:51.560,1.50165,1.49965,1.2100,1.9900
01.01.2014 00:37:52.956,1.50163,1.49963,1.7300,2.2800
01.01.2014 00:37:54.336,1.50162,1.49962,1.5500,2.7800
01.01.2014 00:37:55.684,1.50163,1.49963,2.5800,1.0600
01.01.2014 00:37:57.087,1.50164,1.49964,1.6100,1.7300
01.01.2014 00:37:58.498,1.50163,1.49963,1.8900,2.9000
01.01.2014 00:37:59.918,1.50161,1.49961,1.9600,2.4100
01.01.2014 00:38:01.388,1.50159,1.49959,1.3800,2.1500
01.01.2014 00:38:02.833,1.50159,1.49959,2.8800,2.0400
01.01.2014 00:38:04.110,1.50158,1.49958,1.1000,1.5400
01.01.2014 00:38:05.556,1.50161,1.49961,2.8900,1.7900
01.01.2014 00:38:06.945,1.50164,1.49964,2.0300,1.5400
01.01.2014 00:38:08.183,1.50161,1.49961,2.4100,2.8800
01.01.2014 00:38:09.554,1.50160,1.49960,1.9900,2.0900
01.01.2014 00:38:11.005,1.50159,1.49959,2.9700,2.8900
01.01.2014 00:38:12.435,1.50159,1.49959,2.4100,1.9100
01.01.2014 00:38:13.952,1.50159,1.49959,1.9600,1.7500
01.01.2014 00:38:15.623,1.50159,1.49959,1.3800,2.8000
01.01.2014 00:38:17.133,1.50161,1.49961,1.2000,2.2100
01.01.2014 00:38:18.289,1.50162,1.49962,2.1800,1.1800
01.01.2014 00:38:19.564,1.50162,1.49962,2.9700,2.1200
01.01.2014 00:38:20.853,1.50164,1.49964,1.1900,2.9500
01.01.2014 00:38:22.193,1.50161,1.49961,2.3000,1.0500
01.01.2014 00:38:23.609,1.50163,1.49963,1.5600,1.1200
01.01.2014 00:38:24.899,1.50164,1.49964,1.1300,2.3800
01.01.2014 00:38:26.109,1.50166,1.49966,1.7300,1.4300
01.01.2014 00:38:27.544,1.50164,1.49964,1.8500,1.8900
01.01.2014 00:38:29.016,1.50164,1.49964,1.9700,2.0900
01.01.2014 00:38:30.324,1.50163,1.49963,1.1700,2.4300
01.01.2014 00:38:31.786,1.50161,1.49961,1.7800,1.8300
01.01.2014 00:38:32.963,1.50160,1.49960,1.2000,1.6200
01.01.2014 00:38:34.488,1.50162,1.49962,1.5700,1.9200
01.01.2014 00:38:35.831,1.50162,1.49962,1.0500,2.7900
01.01.2014 00:38:37.165,1.50160,1.49960,1.5600,1.2500
01.01.2014 00:38:38.502,1.50161,1.49961,1.2700,2.2900
01.01.2014 00:38:40.029,1.50159,1.49959,2.1100,1.5100
01.01.2014 00:38:41.347,1.50160,1.49960,2.0700,1.8700
01.01.2014 00:38:42.814,1.50157,1.49957,2.7400,3.0000
01.01.2014 00:38:44.066,1.50159,1.49959,1.4500,1.5100
01.01.2014 00:38:45.240,1.50159,1.49959,2.8300,1.7400
01.01.2014 00:38:46.500,1.50157,1.49957,2.6700,2.3000
01.01.2014 00:38:47.743,1.50158,1.49958,2.6400,1.0800
01.01.2014 00:38:49.146,1.50160,1.49960,1.8000,1.9900
01.01.2014 00:38:50.531,1.50162,1.49962,1.6900,1.2800
01.01.2014 00:38:51.914,1.50157,1.49957,1.8100,2.3600
01.01.2014 00:38:53.364,1.50157,1.49957,2.2000,2.6100
01.01.2014 00:38:54.741,1.50156,1.49956,1.6700,2.1400
01.01.2014 00:38:56.205,1.50154,1.49954,2.0900,2.6700
01.01.2014 00:38:57.670,1.50154,1.49954,1.8300,1.6500
01.01.2014 00:38:59.137,1.50154,1.49954,2.6700,2.9900
01.01.2014 00:39:00.655,1.50155,1.49955,1.5700,1.4800
01.01.2014 00:39:02.065,1.50151,1.49951,2.1200,2.4600
01.01.2014 00:39:03.588,1.50148,1.49948,2.1700,2.1000
01.01.2014 00:39:04.856,1.50149,1.49949,1.1700,1.2400
01.01.2014 00:39:06.256,1.50147,1.49947,2.6800,2.4000
01.01.2014 00:39:07.596,1.50149,1.49949,1.8100,1.7900
01.01.2014 00:39:09.010,1.50149,1.49949,1.3300,1.0900
01.01.2014 00:39:10.338,1.50150,1.49950,2.6600,2.4100
01.01.2014 00:39:11.726,1.50151,1.49951,2.3200,1.9300
01.01.2014 00:39:13.044,1.50154,1.49954,1.3800,2.0200
01.01.2014 00:39:14.581,1.50154,1.49954,2.4700,2.3300
01.01.2014 00:39:16.015,1.50153,1.49953,2.0000,2.7900
01.01.2014 00:39:17.484,1.50150,1.49950,1.3000,2.4900
01.01.2014 00:39:19.049,1.50151,1.49951,2.8300,2.4100
01.01.2014 00:39:20.349,1.50153,1.49953,1.0000,1.2400
01.01.2014 00:39:21.948,1.50154,1.49954,1.8300,2.4600
01.01.2014 00:39:23.269,1.50154,1.49954,1.3800,2.6800
01.01.2014 00:39:24.722,1.50155,1.49955,1.2400,2.9800
01.01.2014 00:39:26.022,1.50155,1.49955,2.1600,2.8100
01.01.2014 00:39:27.538,1.50153,1.49953,1.3800,2.2500
01.01.2014 00:39:28.826,1.50152,1.49952,1.6300,1.3600
01.01.2014 00:39:30.205,1.50154,1.49954,1.4900,1.9000
01.01.2014 00:39:31.719,1.50152,1.49952,2.9400,1.8800
01.01.2014 00:39:33.139,1.50154,1.49954,1.3100,2.3800
01.01.2014 00:39:34.757,1.50154,1.49954,2.7800,1.8800
01.01.2014 00:39:36.182,1.50155,1.49955,1.9800,2.2100
01.01.2014 00:39:37.550,1.50155,1.49955,1.6500,2.2500
01.01.2014 00:39:38.753,1.50154,1.49954,1.8800,1.5300
01.01.2014 00:39:40.204,1.50153,1.49953,2.0300,1.4000
01.01.2014 00:39:41.690,1.50150,1.49950,1.1400,1.2900
01.01.2014 00:39:43.172,1.50151,1.49951,2.4300,2.3400
01.01.2014 00:39:44.792,1.50151,1.49951,1.0800,2.2400
01.01.2014 00:39:46.192,1.50153,1.49953,1.7200,1.5500
01.01.2014 00:39:47.730,1.50155,1.49955,2.7400,1.6800
01.01.2014 00:39:49.164,1.50158,1.49958,2.7700,2.0600
01.01.2014 00:39:50.828,1.50159,1.49959,2.5000,2.9300
01.01.2014 00:39:52.233,1.50160,1.49960,2.2300,1.9600
01.01.2014 00:39:53.651,1.50159,1.49959,2.4900,1.6200
01.01.2014 00:39:55.138,1.50159,1.49959,1.1400,2.7600
01.01.2014 00:39:56.596,1.50156,1.49956,2.8700,2.3600
01.01.2014 00:39:58.166,1.50155,1.49955,1.6900,1.5500
01.01.2014 00:39:59.433,1.50157,1.49957,1.1000,1.0600
01.01.2014 00:40:00.988,1.50157,1.49957,2.0700,2.6800
01.01.2014 00:40:02.378,1.50157,1.49957,1.4700,1.8900
01.01.2014 00:40:03.804,1.50157,1.49957,2.1100,2.8600
01.01.2014 00:40:05.188,1.50155,1.49955,2.8700,2.0800
01.01.2014 00:40:06.474,1.50155,1.49955,1.0000,2.6200
01.01.2014 00:40:07.897,1.50154,1.49954,2.8300,1.4200
01.01.2014 00:40:09.238,1.50154,1.49954,2.2100,1.3300
01.01.2014 00:40:10.549,1.50156,1.49956,1.9300,2.2000
01.01.2014 00:40:12.002,1.50155,1.49955,1.6100,2.3200
01.01.2014 00:40:13.450,1.50153,1.49953,1.2600,1.8500
01.01.2014 00:40:14.933,1.50152,1.49952,1.5200,2.7600
01.01.2014 00:40:16.321,1.50152,1.49952,2.2300,1.1800
01.01.2014 00:40:17.874,1.50151,1.49951,2.3200,2.2500
01.01.2014 00:40:19.193,1.50149,1.49949,1.2100,2.4400
01.01.2014 00:40:20.779,1.50149,1.49949,1.5000,1.6500
01.01.2014 00:40:22.288,1.50148,1.49948,2.7900,2.0400
01.01.2014 00:40:23.640,1.50148,1.49948,2.7600,1.0300
01.01.2014 00:40:25.038,1.50149,1.49949,1.6800,2.8500
01.01.2014 00:40:26.445,1.50148,1.49948,2.1000,1.4400
01.01.2014 00:40:28.034,1.50146,1.49946,2.4500,1.0000
01.01.2014 00:40:29.357,1.50145,1.49945,1.0800,1.2500
01.01.2014 00:40:30.829,1.50146,1.49946,1.5100,1.0400
01.01.2014 00:40:32.213,1.50144,1.49944,1.4600,2.0300
01.01.2014 00:40:33.628,1.50146,1.49946,1.7100,1.7600
01.01.2014 00:40:35.185,1.50145,1.49945,1.9000,2.7100
01.01.2014 00:40:36.569,1.50145,1.49945,2.1200,1.1900
01.01.2014 00:40:37.931,1.50143,1.49943,1.4100,2.7500
01.01.2014 00:40:39.315,1.50141,1.49941,2.2100,2.3800
01.01.2014 00:40:40.812,1.50141,1.49941,2.1400,1.8800
01.01.2014 00:40:42.206,1.50140,1.49940,2.6400,2.2300
01.01.2014 00:40:43.603,1.50142,1.49942,1.2400,1.0300
01.01.2014 00:40:45.112,1.50140,1.49940,2.5800,1.5900
01.01.2014 00:40:46.240,1.50140,1.49940,1.8200,1.4600
01.01.2014 00:40:47.611,1.50139,1.49939,1.1100,1.4000
01.01.2014 00:40:48.955,1.50137,1.49937,1.7200,1.0200
01.01.2014 00:40:50.585,1.50141,1.49941,2.3100,1.7700
01.01.2014 00:40:51.945,1.50141,1.49941,1.1100,1.9100
01.01.2014 00:40:53.443,1.50141,1.49941,1.2100,2.6500
01.01.2014 00:40:54.795,1.50139,1.49939,1.6300,1.8000
01.01.2014 00:40:56.197,1.50137,1.49937,2.6000,1.8800
01.01.2014 00:40:57.716,1.50137,1.49937,2.4100,1.9800
01.01.2014 00:40:59.169,1.50137,1.49937,2.1500,1.4400
01.01.2014 00:41:00.651,1.50136,1.49936,1.0900,2.9800
01.01.2014 00:41:02.081,1.50135,1.49935,1.7900,1.9800
01.01.2014 00:41:03.458,1.50137,1.49937,2.0700,1.1000
01.01.2014 00:41:04.783,1.50137,1.49937,1.2300,1.8200
01.01.2014 00:41:06.316,1.50139,1.49939,1.3600,1.1600
01.01.2014 00:41:07.656,1.50140,1.49940,2.6400,2.5400
01.01.2014 00:41:08.886,1.50141,1.49941,1.5300,1.2400
01.01.2014 00:41:10.550,1.50142,1.49942,1.7200,1.9500
01.01.2014 00:41:12.089,1.50139,1.49939,2.8000,1.3300
01.01.2014 00:41:13.389,1.50139,1.49939,2.2500,2.4600
01.01.2014 00:41:14.773,1.50139,1.49939,2.9000,1.1300
01.01.2014 00:41:16.113,1.50139,1.49939,2.7900,2.0600
01.01.2014 00:41:17.609,1.50140,1.49940,1.3000,1.0800
01.01.2014 00:41:18.973,1.50141,1.49941,1.2600,1.9400
01.01.2014 00:41:20.333,1.50142,1.49942,1.5500,1.0700
01.01.2014 00:41:21.824,1.50141,1.49941,2.9700,2.2700
01.01.2014 00:41:23.103,1.50141,1.49941,2.8400,2.5100
01.01.2014 00:41:24.595,1.50143,1.49943,1.4000,1.4200
01.01.2014 00:41:25.891,1.50144,1.49944,1.8800,2.5600
01.01.2014 00:41:27.267,1.50146,1.49946,2.5800,2.6800
01.01.2014 00:41:28.548,1.50147,1.49947,1.5500,1.6300
01.01.2014 00:41:29.913,1.50147,1.49947,1.4200,1.9100
01.01.2014 00:41:31.409,1.50148,1.49948,1.1900,2.8500
01.01.2014 00:41:32.614,1.50150,1.49950,2.5100,1.5100
01.01.2014 00:41:34.007,1.50150,1.49950,2.6800,1.9000
01.01.2014 00:41:35.283,1.50151,1.49951,2.3500,2.5400
01.01.2014 00:41:36.916,1.50150,1.49950,1.9100,2.7900
01.01.2014 00:41:38.439,1.50150,1.49950,2.6000,1.8200
01.01.2014 00:41:39.790,1.50148,1.49948,2.6500,1.4600
01.01.2014 00:41:41.329,1.50148,1.49948,1.7100,2.2800
01.01.2014 00:41:42.685,1.50147,1.49947,2.5900,1.2000
01.01.2014 00:41:44.154,1.50147,1.49947,1.6900,2.9500
01.01.2014 00:41:45.461,1.50146,1.49946,2.4200,1.0600
01.01.2014 00:41:46.847,1.50146,1.49946,2.9200,2.3900
01.01.2014 00:41:48.204,1.50148,1.49948,1.6700,1.4700
01.01.2014 00:41:49.882,1.50146,1.49946,2.2600,1.5100
01.01.2014 00:41:51.074,1.50146,1.49946,1.9000,2.1400
01.01.2014 00:41:52.276,1.50144,1.49944,2.4700,2.3700
01.01.2014 00:41:53.625,1.50145,1.49945,2.2200,2.1700
01.01.2014 00:41:55.000,1.50141,1.49941,1.6300,1.2800
01.01.2014 00:41:56.374,1.50141,1.49941,2.3700,2.3200
01.01.2014 00:41:57.757,1.50143,1.49943,2.1700,2.9500
01.01.2014 00:41:59.248,1.50143,1.49943,1.1700,1.3800
01.01.2014 00:42:00.853,1.50140,1.49940,2.6300,2.9800
01.01.2014 00:42:02.202,1.50140,1.49940,2.6000,2.2100
01.01.2014 00:42:03.599,1.50137,1.49937,2.4800,2.5400
01.01.2014 00:42:04.805,1.50137,1.49937,2.9500,2.3300
01.01.2014 00:42:06.046,1.50137,1.49937,2.4600,1.4800
01.01.2014 00:42:07.458,1.50134,1.49934,1.5800,2.2600
01.01.2014 00:42:08.891,1.50133,1.49933,1.5700,1.0000
01.01.2014 00:42:10.254,1.50134,1.49934,2.5600,2.2200
01.01.2014 00:42:11.646,1.50134,1.49934,2.3600,1.1300
01.01.2014 00:42:13.090,1.50134,1.49934,2.0800,1.5800
01.01.2014 00:42:14.527,1.50133,1.49933,2.2900,1.7500
01.01.2014 00:42:15.976,1.50133,1.49933,1.6400,1.5000
01.01.2014 00:42:17.506,1.50133,1.49933,1.2100,2.8900
01.01.2014 00:42:18.851,1.50134,1.49934,2.4200,1.7700
01.01.2014 00:42:20.386,1.50133,1.49933,2.9300,1.2500
01.01.2014 00:42:21.723,1.50129,1.49929,1.7500,1.7300
01.01.2014 00:42:23.137,1.50128,1.49928,1.8700,1.3900
01.01.2014 00:42:24.587,1.50129,1.49929,1.9700,1.6000
01.01.2014 00:42:25.849,1.50131,1.49931,1.4700,2.4600
01.01.2014 00:42:27.172,1.50130,1.49930,1.4800,2.8700
01.01.2014 00:42:28.347,1.50130,1.49930,2.7500,1.7900
01.01.2014 00:42:29.637,1.50129,1.49929,1.7600,1.6300
01.01.2014 00:42:30.919,1.50131,1.49931,2.1500,1.1300
01.01.2014 00:42:32.281,1.50129,1.49929,2.8700,1.7500
01.01.2014 00:42:33.560,1.50130,1.49930,1.2500,1.1200
01.01.2014 00:42:34.875,1.50129,1.49929,1.3500,2.5200
01.01.2014 00:42:36.279,1.50129,1.49929,1.7600,2.0100
01.01.2014 00:42:37.496,1.50130,1.49930,1.5900,2.4700
01.01.2014 00:42:38.872,1.50130,1.49930,1.2000,2.8000
01.01.2014 00:42:40.341,1.50127,1.49927,1.7200,1.2500
01.01.2014 00:42:41.811,1.50131,1.49931,1.4100,1.9000
01.01.2014 00:42:43.252,1.50133,1.49933,1.1900,2.1000
01.01.2014 00:42:44.747,1.50134,1.49934,2.2600,1.3100
01.01.2014 00:42:46.247,1.50136,1.49936,1.0500,1.8200
01.01.2014 00:42:47.770,1.50134,1.49934,1.4300,2.1800
01.01.2014 00:42:49.276,1.50134,1.49934,1.5000,2.9600
01.01.2014 00:42:50.803,1.50135,1.49935,1.1700,1.3700
01.01.2014 00:42:52.081,1.50137,1.49937,2.2200,2.3900
01.01.2014 00:42:53.405,1.50136,1.49936,1.1400,2.1800
01.01.2014 00:42:54.974,1.50137,1.49937,2.0200,1.8400
01.01.2014 00:42:56.339,1.50136,1.49936,1.6700,2.9500
01.01.2014 00:42:57.702,1.50138,1.49938,2.1800,2.6900
01.01.2014 00:42:59.068,1.50138,1.49938,1.1500,2.0200
01.01.2014 00:43:00.526,1.50138,1.49938,2.2400,2.2900
01.01.2014 00:43:01.858,1.50140,1.49940,2.4200,1.4300
01.01.2014 00:43:03.206,1.50138,1.49938,1.8400,2.0200
01.01.2014 00:43:04.431,1.50138,1.49938,1.0600,2.2100
01.01.2014 00:43:05.673,1.50137,1.49937,2.7300,2.4900
01.01.2014 00:43:07.071,1.50138,1.49938,1.2600,2.3900
01.01.2014 00:43:08.443,1.50136,1.49936,1.1300,2.6500
01.01.2014 00:43:09.832,1.50138,1.49938,2.4900,2.2400
01.01.2014 00:43:11.202,1.50140,1.49940,2.5700,1.9200
