Time,Ask,Bid,AskVolume,BidVolume
30.01.2014 00:00:02.801,1.47456,1.47256,2.0200,2.7200
30.01.2014 00:00:04.315,1.47453,1.47253,1.7000,1.8100
30.01.2014 00:00:05.654,1.47453,1.47253,1.1400,1.7000
30.01.2014 00:00:06.853,1.47453,1.47253,2.0600,1.8000
30.01.2014 00:00:08.282,1.47455,1.47255,2.3000,1.7600
30.01.2014 00:00:09.844,1.47456,1.47256,1.2800,1.0100
30.01.2014 00:00:11.429,1.47455,1.47255,2.0700,2.1000
30.01.2014 00:00:12.908,1.47455,1.47255,2.6300,2.5900
30.01.2014 00:00:14.285,1.47455,1.47255,1.9400,1.9200
30.01.2014 00:00:15.588,1.47454,1.47254,2.6800,1.1400
30.01.2014 00:00:16.882,1.47454,1.47254,2.9100,2.2400
30.01.2014 00:00:18.244,1.47454,1.47254,2.6700,1.5300
30.01.2014 00:00:19.455,1.47455,1.47255,1.4200,2.7100
30.01.2014 00:00:20.729,1.47456,1.47256,1.4200,1.4800
30.01.2014 00:00:22.029,1.47456,1.47256,2.2500,2.9800
30.01.2014 00:00:23.562,1.47456,1.47256,2.6000,1.6000
30.01.2014 00:00:25.051,1.47453,1.47253,1.7700,2.4700
30.01.2014 00:00:26.586,1.47453,1.47253,2.8000,1.0500
30.01.2014 00:00:28.050,1.47453,1.47253,2.0700,2.3800
30.01.2014 00:00:29.463,1.47451,1.47251,2.0300,1.8900
30.01.2014 00:00:30.979,1.47451,1.47251,1.8600,2.2300
30.01.2014 00:00:32.606,1.47453,1.47253,2.5600,2.8700
30.01.2014 00:00:34.029,1.47453,1.47253,2.0900,1.3600
30.01.2014 00:00:35.217,1.47451,1.47251,2.6000,2.2400
30.01.2014 00:00:36.586,1.47450,1.47250,2.0500,2.3500
30.01.2014 00:00:37.902,1.47449,1.47249,2.4300,2.7300
30.01.2014 00:00:39.218,1.47447,1.47247,1.4700,1.3600
30.01.2014 00:00:40.648,1.47445,1.47245,1.8900,2.7700
30.01.2014 00:00:41.933,1.47444,1.47244,1.5100,2.8300
30.01.2014 00:00:43.326,1.47447,1.47247,2.9500,1.2400
30.01.2014 00:00:44.709,1.47448,1.47248,2.2100,2.3400
30.01.2014 00:00:45.997,1.47447,1.47247,2.6700,2.5500
30.01.2014 00:00:47.251,1.47446,1.47246,2.3700,1.6700
30.01.2014 00:00:48.681,1.47446,1.47246,1.7100,1.5200
30.01.2014 00:00:50.027,1.47446,1.47246,2.6600,1.9000
30.01.2014 00:00:51.434,1.47444,1.47244,1.7100,1.1600
30.01.2014 00:00:52.692,1.47446,1.47246,1.1000,1.9600
30.01.2014 00:00:54.117,1.47446,1.47246,2.9500,2.3300
30.01.2014 00:00:55.496,1.47449,1.47249,1.9800,1.9000
30.01.2014 00:00:56.780,1.47447,1.47247,2.6200,1.1900
30.01.2014 00:00:58.154,1.47448,1.47248,2.6800,2.7300
30.01.2014 00:00:59.447,1.47449,1.47249,2.5600,2.8200
30.01.2014 00:01:00.799,1.47449,1.47249,1.1700,1.3000
30.01.2014 00:01:02.133,1.47448,1.47248,2.6100,2.2700
30.01.2014 00:01:03.867,1.47449,1.47249,2.6300,1.8000
30.01.2014 00:01:05.274,1.47449,1.47249,2.5300,3.0000
30.01.2014 00:01:06.658,1.47448,1.47248,2.9000,1.5300
30.01.2014 00:01:08.087,1.47447,1.47247,2.4200,1.2400
30.01.2014 00:01:09.423,1.47447,1.47247,1.7600,2.9900
30.01.2014 00:01:10.745,1.47446,1.47246,1.5700,1.7800
30.01.2014 00:01:12.126,1.47444,1.47244,2.9700,2.5300
30.01.2014 00:01:13.519,1.47443,1.47243,2.4000,2.6700
30.01.2014 00:01:15.018,1.47442,1.47242,1.4600,1.3500
30.01.2014 00:01:16.339,1.47440,1.47240,2.8600,2.5700
30.01.2014 00:01:17.839,1.47439,1.47239,1.9600,1.4700
30.01.2014 00:01:19.299,1.47443,1.47243,2.3600,2.6200
30.01.2014 00:01:20.722,1.47442,1.47242,2.8700,2.5600
30.01.2014 00:01:22.044,1.47443,1.47243,1.4900,1.3600
30.01.2014 00:01:23.463,1.47442,1.47242,2.4000,1.3500
30.01.2014 00:01:24.777,1.47440,1.47240,1.9200,1.7600
30.01.2014 00:01:26.242,1.47438,1.47238,2.8400,1.7000
30.01.2014 00:01:27.733,1.47438,1.47238,1.5300,1.0600
30.01.2014 00:01:29.031,1.47440,1.47240,2.3100,2.7300
30.01.2014 00:01:30.433,1.47439,1.47239,1.3800,1.2600
30.01.2014 00:01:31.728,1.47440,1.47240,1.5900,1.2400
30.01.2014 00:01:33.182,1.47443,1.47243,1.5400,1.8100
30.01.2014 00:01:34.607,1.47442,1.47242,2.0300,2.4500
30.01.2014 00:01:35.971,1.47441,1.47241,1.4600,2.7200
30.01.2014 00:01:37.330,1.47440,1.47240,1.5000,2.5800
30.01.2014 00:01:38.659,1.47441,1.47241,1.6700,1.9100
30.01.2014 00:01:40.023,1.47442,1.47242,1.1500,2.3400
30.01.2014 00:01:41.557,1.47442,1.47242,1.0900,1.0700
30.01.2014 00:01:43.033,1.47443,1.47243,1.7700,1.4800
30.01.2014 00:01:44.225,1.47441,1.47241,1.4000,1.5900
30.01.2014 00:01:45.682,1.47440,1.47240,2.8200,1.1600
30.01.2014 00:01:47.162,1.47443,1.47243,1.2400,2.3500
30.01.2014 00:01:48.499,1.47440,1.47240,1.6500,1.9200
30.01.2014 00:01:49.786,1.47441,1.47241,1.3000,1.9300
30.01.2014 00:01:51.020,1.47440,1.47240,1.7400,1.1400
30.01.2014 00:01:52.354,1.47441,1.47241,2.3100,1.2200
30.01.2014 00:01:54.025,1.47441,1.47241,2.8900,2.2700
30.01.2014 00:01:55.468,1.47441,1.47241,2.9300,2.2200
30.01.2014 00:01:56.698,1.47442,1.47242,2.8800,2.4000
30.01.2014 00:01:58.205,1.47442,1.47242,2.1200,2.4600
30.01.2014 00:01:59.535,1.47441,1.47241,1.4400,1.4200
30.01.2014 00:02:00.960,1.47441,1.47241,2.0200,1.1900
30.01.2014 00:02:02.227,1.47440,1.47240,2.1200,1.0100
30.01.2014 00:02:03.529,1.47442,1.47242,1.5800,2.0200
30.01.2014 00:02:04.888,1.47444,1.47244,2.8000,1.2100
30.01.2014 00:02:06.129,1.47445,1.47245,2.6900,1.5800
30.01.2014 00:02:07.752,1.47445,1.47245,1.2600,2.4100
30.01.2014 00:02:09.243,1.47444,1.47244,2.3900,1.1600
30.01.2014 00:02:10.704,1.47443,1.47243,2.7200,1.5900
30.01.2014 00:02:12.016,1.47441,1.47241,2.2800,2.1700
30.01.2014 00:02:13.227,1.47441,1.47241,2.5800,2.8800
30.01.2014 00:02:14.586,1.47442,1.47242,2.1100,2.5200
30.01.2014 00:02:16.062,1.47441,1.47241,2.9900,2.7600
30.01.2014 00:02:17.473,1.47442,1.47242,1.7200,1.0900
30.01.2014 00:02:18.838,1.47440,1.47240,1.3500,1.0600
30.01.2014 00:02:20.275,1.47439,1.47239,2.0200,1.9700
30.01.2014 00:02:21.675,1.47443,1.47243,2.6000,1.6900
30.01.2014 00:02:23.067,1.47443,1.47243,1.0600,1.6200
30.01.2014 00:02:24.511,1.47442,1.47242,1.4700,2.2800
30.01.2014 00:02:25.810,1.47441,1.47241,2.9900,2.2200
30.01.2014 00:02:27.184,1.47441,1.47241,2.4100,2.9300
30.01.2014 00:02:28.409,1.47443,1.47243,1.7100,1.6800
30.01.2014 00:02:30.031,1.47441,1.47241,1.3500,1.1300
30.01.2014 00:02:31.188,1.47440,1.47240,1.7100,2.1800
30.01.2014 00:02:32.696,1.47439,1.47239,2.2600,1.7900
30.01.2014 00:02:34.168,1.47438,1.47238,2.0300,2.6000
30.01.2014 00:02:35.621,1.47439,1.47239,2.1900,2.0700
30.01.2014 00:02:36.936,1.47439,1.47239,1.2500,2.4700
30.01.2014 00:02:38.126,1.47437,1.47237,2.6800,1.4700
30.01.2014 00:02:39.676,1.47438,1.47238,2.0900,1.8600
30.01.2014 00:02:41.102,1.47438,1.47238,2.2600,1.5500
30.01.2014 00:02:42.481,1.47439,1.47239,1.7700,1.6100
30.01.2014 00:02:44.032,1.47435,1.47235,2.1400,2.0500
30.01.2014 00:02:45.418,1.47435,1.47235,1.7400,2.9600
30.01.2014 00:02:46.704,1.47436,1.47236,1.8600,1.5600
30.01.2014 00:02:48.312,1.47434,1.47234,1.6000,2.5300
30.01.2014 00:02:49.835,1.47437,1.47237,2.7700,2.1900
30.01.2014 00:02:51.318,1.47439,1.47239,2.5800,1.2900
30.01.2014 00:02:52.640,1.47437,1.47237,1.0200,2.1300
30.01.2014 00:02:54.094,1.47439,1.47239,2.5600,2.0300
30.01.2014 00:02:55.654,1.47439,1.47239,1.4000,1.4700
30.01.2014 00:02:57.088,1.47440,1.47240,2.6500,2.4100
30.01.2014 00:02:58.463,1.47438,1.47238,1.5400,1.7200
30.01.2014 00:02:59.721,1.47436,1.47236,1.6700,2.7700
30.01.2014 00:03:01.142,1.47437,1.47237,1.3700,1.4400
30.01.2014 00:03:02.569,1.47436,1.47236,2.1100,1.7400
30.01.2014 00:03:03.994,1.47437,1.47237,1.5900,1.2300
30.01.2014 00:03:05.378,1.47438,1.47238,2.7100,1.0900
30.01.2014 00:03:06.808,1.47435,1.47235,1.3300,2.6900
30.01.2014 00:03:08.206,1.47438,1.47238,1.9100,2.7300
30.01.2014 00:03:09.596,1.47437,1.47237,1.9400,2.6500
30.01.2014 00:03:10.940,1.47436,1.47236,2.1000,2.2600
30.01.2014 00:03:12.138,1.47437,1.47237,1.5200,2.7500
30.01.2014 00:03:13.612,1.47437,1.47237,1.8800,1.3300
30.01.2014 00:03:15.214,1.47435,1.47235,1.2600,2.6600
30.01.2014 00:03:16.478,1.47438,1.47238,1.0800,1.1800
30.01.2014 00:03:17.768,1.47440,1.47240,2.0100,2.2300
30.01.2014 00:03:19.040,1.47439,1.47239,2.9700,2.6600
30.01.2014 00:03:20.460,1.47440,1.47240,2.6300,1.5300
30.01.2014 00:03:21.976,1.47442,1.47242,2.7700,1.9200
30.01.2014 00:03:23.236,1.47440,1.47240,2.9900,1.4200
30.01.2014 00:03:24.704,1.47438,1.47238,2.6600,1.6400
30.01.2014 00:03:26.025,1.47440,1.47240,1.1400,2.1700
30.01.2014 00:03:27.287,1.47440,1.47240,1.9800,1.3400
30.01.2014 00:03:28.725,1.47439,1.47239,1.1300,2.9300
30.01.2014 00:03:30.130,1.47443,1.47243,1.3300,1.0300
30.01.2014 00:03:31.620,1.47442,1.47242,1.1000,2.7200
30.01.2014 00:03:32.990,1.47439,1.47239,2.2800,1.9500
30.01.2014 00:03:34.326,1.47437,1.47237,2.1900,2.7100
30.01.2014 00:03:35.608,1.47438,1.47238,2.7800,1.4600
30.01.2014 00:03:36.884,1.47437,1.47237,2.1700,1.3200
30.01.2014 00:03:38.114,1.47436,1.47236,1.9200,2.7100
30.01.2014 00:03:39.733,1.47435,1.47235,2.9600,2.8900
30.01.2014 00:03:41.080,1.47434,1.47234,1.4000,1.8500
30.01.2014 00:03:42.627,1.47435,1.47235,2.7300,2.3300
30.01.2014 00:03:44.208,1.47436,1.47236,2.0400,2.5100
30.01.2014 00:03:45.706,1.47434,1.47234,2.2600,2.7600
30.01.2014 00:03:47.271,1.47433,1.47233,1.2600,2.4000
30.01.2014 00:03:48.579,1.47433,1.47233,2.5000,1.5300
30.01.2014 00:03:49.867,1.47433,1.47233,1.7400,2.9800
30.01.2014 00:03:51.163,1.47430,1.47230,2.6000,1.4200
30.01.2014 00:03:52.403,1.47431,1.47231,2.6400,1.5600
30.01.2014 00:03:53.851,1.47432,1.47232,2.7700,2.7000
30.01.2014 00:03:55.324,1.47434,1.47234,2.6500,1.7600
30.01.2014 00:03:56.696,1.47433,1.47233,2.7300,2.9500
30.01.2014 00:03:58.264,1.47433,1.47233,1.7400,2.0600
30.01.2014 00:03:59.780,1.47432,1.47232,1.9400,2.4400
30.01.2014 00:04:01.139,1.47432,1.47232,2.0600,1.4900
30.01.2014 00:04:02.758,1.47431,1.47231,1.0400,2.5800
30.01.2014 00:04:04.081,1.47433,1.47233,1.7600,1.5900
30.01.2014 00:04:05.565,1.47434,1.47234,2.1300,2.0000
30.01.2014 00:04:06.898,1.47433,1.47233,2.2700,1.8400
30.01.2014 00:04:08.219,1.47433,1.47233,1.2600,2.2900
30.01.2014 00:04:09.613,1.47436,1.47236,2.6700,2.4900
30.01.2014 00:04:11.011,1.47433,1.47233,1.0100,2.9200
30.01.2014 00:04:12.521,1.47432,1.47232,1.8300,2.5500
30.01.2014 00:04:13.859,1.47431,1.47231,1.3700,2.3600
30.01.2014 00:04:15.258,1.47430,1.47230,1.1100,2.9100
30.01.2014 00:04:16.585,1.47430,1.47230,2.7300,2.7900
30.01.2014 00:04:18.067,1.47430,1.47230,1.3900,1.4100
30.01.2014 00:04:19.536,1.47430,1.47230,2.4000,2.9800
30.01.2014 00:04:21.060,1.47430,1.47230,2.9800,1.9600
30.01.2014 00:04:22.511,1.47427,1.47227,2.9200,1.6800
30.01.2014 00:04:24.068,1.47426,1.47226,1.1400,1.0400
30.01.2014 00:04:25.400,1.47427,1.47227,2.9100,2.4500
30.01.2014 00:04:26.686,1.47429,1.47229,2.5500,2.9600
30.01.2014 00:04:28.072,1.47431,1.47231,1.9100,2.0700
30.01.2014 00:04:29.590,1.47428,1.47228,1.7200,1.6100
30.01.2014 00:04:31.036,1.47425,1.47225,2.8300,2.6400
30.01.2014 00:04:32.375,1.47424,1.47224,2.2000,1.9500
30.01.2014 00:04:33.671,1.47426,1.47226,2.3300,1.9200
30.01.2014 00:04:35.188,1.47427,1.47227,1.3900,2.6300
30.01.2014 00:04:36.531,1.47429,1.47229,2.7400,2.2400
30.01.2014 00:04:37.913,1.47426,1.47226,2.1200,2.9000
30.01.2014 00:04:39.199,1.47427,1.47227,2.9900,1.4400
30.01.2014 00:04:40.682,1.47426,1.47226,1.4900,1.0500
30.01.2014 00:04:42.076,1.47424,1.47224,1.8500,2.9600
30.01.2014 00:04:43.575,1.47426,1.47226,2.8100,2.6200
30.01.2014 00:04:44.921,1.47428,1.47228,1.2000,1.2100
30.01.2014 00:04:46.171,1.47427,1.47227,2.1700,2.5300
30.01.2014 00:04:47.475,1.47430,1.47230,2.1500,1.5600
30.01.2014 00:04:48.833,1.47427,1.47227,2.7700,1.9300
30.01.2014 00:04:50.186,1.47427,1.47227,2.4900,2.6000
30.01.2014 00:04:51.580,1.47427,1.47227,1.5900,1.9400
30.01.2014 00:04:52.894,1.47424,1.47224,2.8200,2.1500
30.01.2014 00:04:54.078,1.47421,1.47221,1.2200,1.4800
30.01.2014 00:04:55.451,1.47418,1.47218,2.6600,2.2900
30.01.2014 00:04:56.982,1.47416,1.47216,1.6400,2.3800
30.01.2014 00:04:58.420,1.47416,1.47216,2.7300,2.9100
30.01.2014 00:04:59.840,1.47416,1.47216,1.8800,1.4500
30.01.2014 00:05:01.335,1.47417,1.47217,2.6500,2.3500
30.01.2014 00:05:02.705,1.47416,1.47216,2.4800,1.7800
30.01.2014 00:05:04.114,1.47419,1.47219,2.2500,2.5300
30.01.2014 00:05:05.559,1.47419,1.47219,2.6100,2.0700
30.01.2014 00:05:06.854,1.47418,1.47218,1.9100,2.2700
30.01.2014 00:05:07.979,1.47418,1.47218,2.0600,2.9300
30.01.2014 00:05:09.377,1.47419,1.47219,1.4500,1.1100
30.01.2014 00:05:10.628,1.47420,1.47220,1.4900,1.3400
30.01.2014 00:05:11.945,1.47422,1.47222,1.1200,2.4000
30.01.2014 00:05:13.486,1.47422,1.47222,1.1900,1.7500
30.01.2014 00:05:14.941,1.47423,1.47223,2.3200,2.3600
30.01.2014 00:05:16.290,1.47424,1.47224,1.0600,2.3000
30.01.2014 00:05:17.554,1.47424,1.47224,2.3100,1.3500
30.01.2014 00:05:18.861,1.47424,1.47224,1.5700,1.7100
30.01.2014 00:05:20.242,1.47422,1.47222,1.2600,1.7300
30.01.2014 00:05:21.745,1.47422,1.47222,1.8500,1.6900
30.01.2014 00:05:23.075,1.47422,1.47222,1.9400,1.6100
30.01.2014 00:05:24.563,1.47420,1.47220,2.0900,2.2100
30.01.2014 00:05:25.818,1.47418,1.47218,1.0500,2.0300
30.01.2014 00:05:27.285,1.47416,1.47216,2.7400,1.2700
30.01.2014 00:05:28.620,1.47415,1.47215,1.1600,1.2600
30.01.2014 00:05:30.173,1.47416,1.47216,1.9500,1.1700
30.01.2014 00:05:31.645,1.47418,1.47218,2.5300,1.2100
30.01.2014 00:05:33.005,1.47418,1.47218,2.9100,1.1900
30.01.2014 00:05:34.478,1.47417,1.47217,2.4000,2.0400
30.01.2014 00:05:35.764,1.47415,1.47215,1.9100,2.6700
30.01.2014 00:05:36.945,1.47417,1.47217,1.5100,1.8700
30.01.2014 00:05:38.167,1.47417,1.47217,2.8000,2.9200
30.01.2014 00:05:39.612,1.47420,1.47220,2.8300,2.3800
30.01.2014 00:05:41.300,1.47422,1.47222,1.0900,1.4900
30.01.2014 00:05:42.836,1.47420,1.47220,2.9200,2.3100
30.01.2014 00:05:44.140,1.47418,1.47218,1.9000,1.7800
30.01.2014 00:05:45.588,1.47418,1.47218,1.2500,1.8200
30.01.2014 00:05:47.097,1.47415,1.47215,1.3100,1.7900
30.01.2014 00:05:48.516,1.47416,1.47216,1.9100,1.1600
30.01.2014 00:05:49.913,1.47419,1.47219,2.4800,1.8300
30.01.2014 00:05:51.057,1.47419,1.47219,2.7100,2.1000
30.01.2014 00:05:52.651,1.47420,1.47220,1.5200,1.8200
30.01.2014 00:05:53.955,1.47423,1.47223,1.9100,2.6600
30.01.2014 00:05:55.437,1.47424,1.47224,1.7700,1.6500
30.01.2014 00:05:56.888,1.47424,1.47224,1.1400,1.5800
30.01.2014 00:05:58.258,1.47425,1.47225,1.8700,1.4200
30.01.2014 00:05:59.670,1.47426,1.47226,1.6200,1.0300
30.01.2014 00:06:00.997,1.47429,1.47229,1.7900,1.1600
30.01.2014 00:06:02.430,1.47432,1.47232,1.0700,2.1600
30.01.2014 00:06:03.714,1.47431,1.47231,2.4400,1.2200
30.01.2014 00:06:05.158,1.47431,1.47231,1.7800,1.1600
30.01.2014 00:06:06.639,1.47429,1.47229,1.5700,1.1300
30.01.2014 00:06:07.990,1.47428,1.47228,2.1100,2.4600
30.01.2014 00:06:09.401,1.47428,1.47228,1.9000,2.9700
30.01.2014 00:06:10.745,1.47426,1.47226,2.3500,2.3100
30.01.2014 00:06:12.032,1.47425,1.47225,2.9200,2.5600
30.01.2014 00:06:13.567,1.47422,1.47222,2.3200,1.5600
30.01.2014 00:06:15.083,1.47420,1.47220,1.9000,2.4300
30.01.2014 00:06:16.479,1.47421,1.47221,2.8700,1.4500
30.01.2014 00:06:17.983,1.47420,1.47220,2.7400,2.8400
30.01.2014 00:06:19.347,1.47421,1.47221,1.7200,2.8900
30.01.2014 00:06:20.593,1.47421,1.47221,1.8100,2.4800
30.01.2014 00:06:22.010,1.47420,1.47220,1.1500,1.2800
30.01.2014 00:06:23.275,1.47421,1.47221,1.1200,1.0500
30.01.2014 00:06:24.720,1.47422,1.47222,1.7100,2.5700
30.01.2014 00:06:26.087,1.47422,1.47222,1.3800,1.4400
30.01.2014 00:06:27.348,1.47423,1.47223,1.3200,2.4600
30.01.2014 00:06:28.637,1.47422,1.47222,3.0000,2.7500
30.01.2014 00:06:30.082,1.47423,1.47223,2.5700,1.1500
30.01.2014 00:06:31.651,1.47425,1.47225,1.0800,1.3900
30.01.2014 00:06:32.811,1.47426,1.47226,2.6400,1.1200
30.01.2014 00:06:34.308,1.47424,1.47224,1.6300,1.3100
30.01.2014 00:06:35.971,1.47425,1.47225,1.2200,1.5400
30.01.2014 00:06:37.263,1.47428,1.47228,2.4000,2.7100
30.01.2014 00:06:38.584,1.47428,1.47228,2.0000,1.9200
30.01.2014 00:06:39.853,1.47428,1.47228,2.6700,2.4300
30.01.2014 00:06:41.179,1.47428,1.47228,2.7800,1.6800
30.01.2014 00:06:42.639,1.47427,1.47227,2.6400,2.5500
30.01.2014 00:06:43.884,1.47428,1.47228,2.7800,2.1400
30.01.2014 00:06:45.150,1.47427,1.47227,1.9200,2.1200
30.01.2014 00:06:46.441,1.47427,1.47227,2.1000,2.3800
30.01.2014 00:06:47.878,1.47427,1.47227,1.4000,2.5300
30.01.2014 00:06:49.426,1.47427,1.47227,1.2600,2.1900
30.01.2014 00:06:50.822,1.47426,1.47226,1.2000,2.0700
30.01.2014 00:06:51.974,1.47426,1.47226,1.2400,2.6100
30.01.2014 00:06:53.317,1.47425,1.47225,1.4700,1.3600
30.01.2014 00:06:54.774,1.47422,1.47222,2.8900,2.9000
30.01.2014 00:06:56.063,1.47421,1.47221,1.9400,2.8200
30.01.2014 00:06:57.474,1.47422,1.47222,1.8500,1.5000
30.01.2014 00:06:58.744,1.47422,1.47222,1.7500,1.7800
30.01.2014 00:07:00.166,1.47423,1.47223,2.1500,2.7300
30.01.2014 00:07:01.574,1.47424,1.47224,2.3700,1.0200
30.01.2014 00:07:03.078,1.47423,1.47223,2.6200,1.2900
30.01.2014 00:07:04.410,1.47423,1.47223,2.3300,1.1100
30.01.2014 00:07:06.012,1.47426,1.47226,1.8800,1.2500
30.01.2014 00:07:07.310,1.47424,1.47224,1.9600,2.9700
30.01.2014 00:07:08.645,1.47422,1.47222,1.6800,1.9000
30.01.2014 00:07:09.990,1.47422,1.47222,1.6300,2.7900
30.01.2014 00:07:11.474,1.47421,1.47221,2.5000,1.2500
30.01.2014 00:07:12.945,1.47420,1.47220,2.7000,1.8600
30.01.2014 00:07:14.361,1.47420,1.47220,1.9600,1.0300
30.01.2014 00:07:15.641,1.47418,1.47218,2.5700,2.1200
30.01.2014 00:07:16.847,1.47417,1.47217,1.2300,2.2300
30.01.2014 00:07:18.433,1.47416,1.47216,1.7200,2.7200
30.01.2014 00:07:19.932,1.47413,1.47213,1.0700,1.0200
30.01.2014 00:07:21.313,1.47414,1.47214,1.8700,1.2500
30.01.2014 00:07:22.776,1.47414,1.47214,2.9700,2.2700
30.01.2014 00:07:24.176,1.47416,1.47216,1.2000,2.1100
30.01.2014 00:07:25.481,1.47415,1.47215,1.8500,2.5400
30.01.2014 00:07:26.939,1.47417,1.47217,2.7700,1.7400
30.01.2014 00:07:28.235,1.47418,1.47218,1.2200,2.9500
30.01.2014 00:07:29.565,1.47419,1.47219,1.1300,2.1800
30.01.2014 00:07:30.928,1.47419,1.47219,1.5400,1.3600
30.01.2014 00:07:32.382,1.47419,1.47219,1.3200,1.1200
30.01.2014 00:07:33.697,1.47420,1.47220,1.7500,2.9700
30.01.2014 00:07:35.151,1.47418,1.47218,1.8900,2.8700
30.01.2014 00:07:36.553,1.47418,1.47218,1.3300,2.1700
30.01.2014 00:07:37.991,1.47419,1.47219,1.3900,1.0900
30.01.2014 00:07:39.404,1.47420,1.47220,2.9500,2.8600
30.01.2014 00:07:40.724,1.47420,1.47220,2.3000,1.8000
30.01.2014 00:07:42.167,1.47421,1.47221,1.3500,1.5600
30.01.2014 00:07:43.479,1.47421,1.47221,1.9300,2.6600
30.01.2014 00:07:44.999,1.47421,1.47221,2.5600,2.7400
30.01.2014 00:07:46.483,1.47419,1.47219,1.5500,1.0400
30.01.2014 00:07:48.076,1.47420,1.47220,1.2600,2.6800
30.01.2014 00:07:49.306,1.47420,1.47220,2.1700,1.9300
30.01.2014 00:07:50.686,1.47418,1.47218,2.8700,2.3600
30.01.2014 00:07:52.106,1.47419,1.47219,1.6200,1.1800
30.01.2014 00:07:53.475,1.47418,1.47218,2.8800,2.7700
30.01.2014 00:07:54.816,1.47417,1.47217,1.9500,2.3200
30.01.2014 00:07:56.322,1.47417,1.47217,1.8400,2.8900
30.01.2014 00:07:57.613,1.47417,1.47217,1.7900,2.5200
30.01.2014 00:07:59.077,1.47419,1.47219,2.7500,2.8700
30.01.2014 00:08:00.553,1.47421,1.47221,1.0100,1.6200
30.01.2014 00:08:01.942,1.47418,1.47218,2.5200,2.3200
30.01.2014 00:08:03.557,1.47420,1.47220,2.4500,2.7500
30.01.2014 00:08:04.824,1.47417,1.47217,2.1900,1.4700
30.01.2014 00:08:06.210,1.47420,1.47220,1.8500,1.6300
30.01.2014 00:08:07.524,1.47422,1.47222,1.1900,1.2300
30.01.2014 00:08:08.901,1.47423,1.47223,1.3000,1.1100
30.01.2014 00:08:10.441,1.47426,1.47226,2.2900,1.9700
30.01.2014 00:08:11.749,1.47424,1.47224,2.4300,1.4000
30.01.2014 00:08:13.342,1.47424,1.47224,1.4200,1.3100
30.01.2014 00:08:14.709,1.47428,1.47228,1.6500,2.6700
30.01.2014 00:08:16.209,1.47427,1.47227,2.6600,1.2300
30.01.2014 00:08:17.594,1.47429,1.47229,1.5100,2.7700
30.01.2014 00:08:18.979,1.47429,1.47229,2.8200,1.9500
30.01.2014 00:08:20.426,1.47432,1.47232,1.2300,2.7200
30.01.2014 00:08:21.709,1.47433,1.47233,2.4800,2.4700
30.01.2014 00:08:23.089,1.47431,1.47231,2.0200,2.0000
30.01.2014 00:08:24.319,1.47432,1.47232,2.0700,1.3300
30.01.2014 00:08:25.715,1.47433,1.47233,1.9700,2.4200
30.01.2014 00:08:27.084,1.47432,1.47232,2.9600,1.9900
30.01.2014 00:08:28.542,1.47435,1.47235,1.8400,2.1000
30.01.2014 00:08:30.001,1.47433,1.47233,1.4100,2.1600
30.01.2014 00:08:31.459,1.47433,1.47233,2.9700,1.6700
30.01.2014 00:08:32.766,1.47434,1.47234,2.2800,2.8100
30.01.2014 00:08:34.092,1.47435,1.47235,1.9900,2.7500
30.01.2014 00:08:35.380,1.47433,1.47233,1.5600,1.8700
30.01.2014 00:08:36.601,1.47430,1.47230,2.9500,1.0100
30.01.2014 00:08:37.919,1.47432,1.47232,1.1200,1.5500
30.01.2014 00:08:39.247,1.47431,1.47231,1.5800,2.0900
30.01.2014 00:08:40.724,1.47430,1.47230,2.2100,3.0000
30.01.2014 00:08:42.205,1.47431,1.47231,1.9700,1.9400
30.01.2014 00:08:43.872,1.47429,1.47229,1.3400,2.2400
30.01.2014 00:08:45.134,1.47430,1.47230,2.7200,2.6400
30.01.2014 00:08:46.644,1.47428,1.47228,2.4300,1.0300
30.01.2014 00:08:47.946,1.47426,1.47226,2.3500,2.0300
30.01.2014 00:08:49.498,1.47427,1.47227,2.2500,1.0100
30.01.2014 00:08:50.865,1.47429,1.47229,1.6300,1.9800
30.01.2014 00:08:52.119,1.47431,1.47231,1.9300,1.1700
30.01.2014 00:08:53.486,1.47428,1.47228,2.7500,2.9900
30.01.2014 00:08:54.905,1.47429,1.47229,1.1200,2.8800
30.01.2014 00:08:56.378,1.47428,1.47228,1.3700,2.3200
30.01.2014 00:08:57.700,1.47429,1.47229,2.5000,2.7500
30.01.2014 00:08:59.100,1.47431,1.47231,2.8700,2.0700
30.01.2014 00:09:00.481,1.47430,1.47230,3.0000,1.9400
30.01.2014 00:09:01.821,1.47430,1.47230,1.7600,1.1100
30.01.2014 00:09:02.910,1.47432,1.47232,1.6700,2.0900
30.01.2014 00:09:04.413,1.47431,1.47231,1.9400,1.6500
30.01.2014 00:09:05.737,1.47431,1.47231,1.2800,2.7700
30.01.2014 00:09:07.281,1.47434,1.47234,2.2800,1.9900
30.01.2014 00:09:08.781,1.47434,1.47234,1.6000,2.7600
30.01.2014 00:09:10.183,1.47434,1.47234,2.7500,1.8200
30.01.2014 00:09:11.546,1.47432,1.47232,2.8300,1.3600
30.01.2014 00:09:12.903,1.47431,1.47231,1.2800,1.1300
30.01.2014 00:09:14.264,1.47431,1.47231,2.7900,2.7200
30.01.2014 00:09:15.594,1.47430,1.47230,2.7300,1.3200
30.01.2014 00:09:16.864,1.47431,1.47231,1.0100,2.9500
30.01.2014 00:09:18.230,1.47430,1.47230,1.0400,2.9100
30.01.2014 00:09:19.633,1.47430,1.47230,1.8000,2.2500
30.01.2014 00:09:21.079,1.47435,1.47235,2.0500,2.6700
30.01.2014 00:09:22.322,1.47434,1.47234,1.5000,1.7100
30.01.2014 00:09:23.682,1.47435,1.47235,2.4300,1.6900
30.01.2014 00:09:25.006,1.47436,1.47236,1.3300,2.7000
30.01.2014 00:09:26.548,1.47436,1.47236,2.2400,1.0800
30.01.2014 00:09:28.138,1.47436,1.47236,2.8800,1.5800
30.01.2014 00:09:29.473,1.47435,1.47235,2.1900,1.8400
30.01.2014 00:09:30.881,1.47433,1.47233,1.8600,1.0600
30.01.2014 00:09:32.194,1.47432,1.47232,1.6400,2.4800
30.01.2014 00:09:33.420,1.47434,1.47234,2.7900,2.2600
30.01.2014 00:09:34.780,1.47435,1.47235,1.5400,2.8200
30.01.2014 00:09:36.176,1.47435,1.47235,2.9500,1.7400
30.01.2014 00:09:37.395,1.47434,1.47234,1.5900,1.5100
30.01.2014 00:09:38.895,1.47430,1.47230,1.4500,1.2300
30.01.2014 00:09:40.327,1.47434,1.47234,1.9400,2.9500
30.01.2014 00:09:41.560,1.47434,1.47234,2.4200,2.2900
30.01.2014 00:09:42.827,1.47436,1.47236,2.1800,2.5800
30.01.2014 00:09:44.283,1.47436,1.47236,2.6100,1.1900
30.01.2014 00:09:45.733,1.47438,1.47238,2.9900,2.1200
30.01.2014 00:09:47.073,1.47437,1.47237,2.2900,2.4500
30.01.2014 00:09:48.414,1.47436,1.47236,2.1500,2.4900
30.01.2014 00:09:49.772,1.47435,1.47235,1.1500,2.0100
30.01.2014 00:09:51.035,1.47437,1.47237,2.1600,1.6200
30.01.2014 00:09:52.413,1.47435,1.47235,2.6500,1.9300
30.01.2014 00:09:53.743,1.47438,1.47238,2.9600,2.9600
30.01.2014 00:09:55.168,1.47438,1.47238,1.0800,2.7700
30.01.2014 00:09:56.750,1.47440,1.47240,2.1500,2.5000
30.01.2014 00:09:58.248,1.47439,1.47239,1.1900,2.9400
30.01.2014 00:09:59.663,1.47439,1.47239,1.0000,1.7600
30.01.2014 00:10:01.129,1.47440,1.47240,1.8900,2.8000
30.01.2014 00:10:02.457,1.47438,1.47238,2.8200,2.3600
30.01.2014 00:10:03.913,1.47438,1.47238,1.5100,2.4600
30.01.2014 00:10:05.337,1.47436,1.47236,1.5000,1.0700
30.01.2014 00:10:06.693,1.47436,1.47236,1.6000,2.3900
30.01.2014 00:10:08.122,1.47437,1.47237,2.1700,2.4800
30.01.2014 00:10:09.440,1.47437,1.47237,1.7500,2.2300
30.01.2014 00:10:10.832,1.47436,1.47236,2.6700,2.5300
30.01.2014 00:10:12.171,1.47436,1.47236,1.5300,2.3700
30.01.2014 00:10:13.519,1.47432,1.47232,2.3800,1.9000
30.01.2014 00:10:15.018,1.47435,1.47235,2.1500,1.3700
30.01.2014 00:10:16.362,1.47435,1.47235,2.8400,1.2800
30.01.2014 00:10:17.615,1.47432,1.47232,1.1800,1.8500
30.01.2014 00:10:19.232,1.47433,1.47233,2.5400,2.3500
30.01.2014 00:10:20.891,1.47431,1.47231,1.8600,2.0700
30.01.2014 00:10:22.340,1.47430,1.47230,1.3800,2.5500
30.01.2014 00:10:23.639,1.47433,1.47233,2.8200,1.7500
30.01.2014 00:10:25.291,1.47429,1.47229,1.2900,2.7500
30.01.2014 00:10:26.679,1.47431,1.47231,1.3300,2.7900
30.01.2014 00:10:27.977,1.47431,1.47231,2.3200,1.1100
30.01.2014 00:10:29.444,1.47430,1.47230,2.7900,1.3700
30.01.2014 00:10:30.788,1.47433,1.47233,2.0200,1.8100
30.01.2014 00:10:32.233,1.47431,1.47231,1.6600,1.4100
30.01.2014 00:10:33.587,1.47430,1.47230,1.3100,2.6000
30.01.2014 00:10:34.825,1.47430,1.47230,2.7600,2.4300
30.01.2014 00:10:36.341,1.47428,1.47228,2.7800,1.1800
30.01.2014 00:10:37.690,1.47430,1.47230,2.4100,1.0800
30.01.2014 00:10:39.096,1.47428,1.47228,1.9700,2.7200
30.01.2014 00:10:40.579,1.47428,1.47228,1.0900,1.5500
30.01.2014 00:10:42.038,1.47428,1.47228,2.4900,1.3800
30.01.2014 00:10:43.403,1.47429,1.47229,2.5600,2.7300
30.01.2014 00:10:44.646,1.47428,1.47228,1.1600,2.0800
30.01.2014 00:10:46.229,1.47427,1.47227,1.4000,2.2200
30.01.2014 00:10:47.687,1.47423,1.47223,1.3800,2.1600
30.01.2014 00:10:49.032,1.47425,1.47225,2.1800,2.9200
30.01.2014 00:10:50.387,1.47427,1.47227,2.2200,1.6900
30.01.2014 00:10:51.825,1.47427,1.47227,2.2300,2.2700
30.01.2014 00:10:53.330,1.47428,1.47228,1.2100,1.3900
30.01.2014 00:10:54.601,1.47426,1.47226,1.4200,2.2800
30.01.2014 00:10:55.844,1.47422,1.47222,2.2200,1.4500
30.01.2014 00:10:57.308,1.47419,1.47219,2.9300,1.5000
30.01.2014 00:10:58.846,1.47420,1.47220,1.9200,2.1900
30.01.2014 00:11:00.519,1.47421,1.47221,1.1900,2.9900
30.01.2014 00:11:01.866,1.47421,1.47221,2.1400,2.5500
30.01.2014 00:11:03.073,1.47422,1.47222,2.3700,2.9600
30.01.2014 00:11:04.429,1.47424,1.47224,2.3500,2.5200
30.01.2014 00:11:05.671,1.47422,1.47222,1.4000,1.8300
30.01.2014 00:11:07.024,1.47420,1.47220,1.0700,2.7500
30.01.2014 00:11:08.342,1.47418,1.47218,1.1800,1.2600
30.01.2014 00:11:09.687,1.47417,1.47217,2.4000,2.1900
30.01.2014 00:11:11.059,1.47418,1.47218,1.8300,1.8000
30.01.2014 00:11:12.249,1.47417,1.47217,1.9300,2.5900
30.01.2014 00:11:13.682,1.47418,1.47218,1.1600,1.2100
30.01.2014 00:11:15.112,1.47418,1.47218,1.6800,2.1100
30.01.2014 00:11:16.419,1.47421,1.47221,1.0600,2.6800
30.01.2014 00:11:17.855,1.47420,1.47220,1.5600,1.3900
30.01.2014 00:11:19.224,1.47421,1.47221,1.5600,1.2100
30.01.2014 00:11:20.475,1.47422,1.47222,2.9800,1.3900
30.01.2014 00:11:21.814,1.47423,1.47223,1.1800,2.5600
30.01.2014 00:11:23.027,1.47424,1.47224,1.3600,1.6900
30.01.2014 00:11:24.305,1.47426,1.47226,1.5600,2.4300
30.01.2014 00:11:25.758,1.47425,1.47225,1.7900,2.0300
30.01.2014 00:11:27.402,1.47423,1.47223,2.3700,1.8000
30.01.2014 00:11:28.784,1.47421,1.47221,1.0100,2.8300
30.01.2014 00:11:30.071,1.47423,1.47223,1.1000,2.6900
30.01.2014 00:11:31.432,1.47422,1.47222,2.7500,1.1500
30.01.2014 00:11:32.957,1.47422,1.47222,2.1200,2.1900
30.01.2014 00:11:34.274,1.47423,1.47223,1.0600,2.5500
30.01.2014 00:11:35.616,1.47421,1.47221,2.2200,2.7000
30.01.2014 00:11:36.886,1.47422,1.47222,2.2200,1.5800
30.01.2014 00:11:38.311,1.47423,1.47223,1.5900,2.6200
30.01.2014 00:11:39.729,1.47424,1.47224,2.4800,1.4300
30.01.2014 00:11:41.219,1.47424,1.47224,2.8000,2.2600
30.01.2014 00:11:42.710,1.47425,1.47225,2.5400,2.7600
30.01.2014 00:11:44.110,1.47426,1.47226,1.4300,1.7600
30.01.2014 00:11:45.628,1.47424,1.47224,1.2300,1.4400
30.01.2014 00:11:47.004,1.47426,1.47226,2.8600,1.7200
30.01.2014 00:11:48.598,1.47425,1.47225,1.8300,2.1400
30.01.2014 00:11:50.001,1.47425,1.47225,1.8200,2.9900
30.01.2014 00:11:51.356,1.47423,1.47223,2.6300,2.1300
30.01.2014 00:11:52.645,1.47424,1.47224,2.9600,2.2000
30.01.2014 00:11:53.841,1.47423,1.47223,2.4100,1.2700
30.01.2014 00:11:55.195,1.47423,1.47223,2.3000,1.5800
30.01.2014 00:11:56.499,1.47422,1.47222,2.1000,2.1700
30.01.2014 00:11:57.638,1.47421,1.47221,1.3800,1.7100
30.01.2014 00:11:58.975,1.47422,1.47222,2.3900,1.4700
30.01.2014 00:12:00.328,1.47423,1.47223,1.0600,2.3500
30.01.2014 00:12:01.918,1.47427,1.47227,2.4400,1.8200
30.01.2014 00:12:03.402,1.47427,1.47227,1.0800,2.8400
30.01.2014 00:12:04.567,1.47427,1.47227,2.4700,1.2600
30.01.2014 00:12:06.034,1.47427,1.47227,2.7600,2.2700
30.01.2014 00:12:07.457,1.47428,1.47228,1.6700,2.7400
30.01.2014 00:12:08.760,1.47426,1.47226,1.7500,2.9800
30.01.2014 00:12:10.281,1.47427,1.47227,2.7200,2.7900
30.01.2014 00:12:11.611,1.47428,1.47228,2.4100,1.7100
30.01.2014 00:12:13.086,1.47430,1.47230,2.8000,2.3800
30.01.2014 00:12:14.640,1.47435,1.47235,2.3700,1.1600
30.01.2014 00:12:15.863,1.47435,1.47235,1.8600,2.9700
30.01.2014 00:12:17.232,1.47434,1.47234,1.6000,2.9000
30.01.2014 00:12:18.791,1.47432,1.47232,2.9200,2.5000
30.01.2014 00:12:20.177,1.47430,1.47230,2.4000,2.8700
30.01.2014 00:12:21.474,1.47432,1.47232,1.7500,1.8500
30.01.2014 00:12:22.964,1.47432,1.47232,2.3000,2.9000
30.01.2014 00:12:24.294,1.47434,1.47234,2.5400,2.3900
30.01.2014 00:12:25.729,1.47433,1.47233,2.8600,2.9100
30.01.2014 00:12:27.005,1.47435,1.47235,1.7200,1.9800
30.01.2014 00:12:28.586,1.47437,1.47237,2.0300,1.4800
30.01.2014 00:12:29.892,1.47437,1.47237,2.4200,2.8900
30.01.2014 00:12:31.226,1.47439,1.47239,2.0700,2.4000
30.01.2014 00:12:32.675,1.47437,1.47237,2.5500,1.7300
30.01.2014 00:12:34.023,1.47437,1.47237,2.7800,2.3900
30.01.2014 00:12:35.459,1.47436,1.47236,1.5700,1.5500
30.01.2014 00:12:36.752,1.47436,1.47236,2.1000,1.4200
30.01.2014 00:12:38.109,1.47437,1.47237,1.0200,1.2500
30.01.2014 00:12:39.520,1.47438,1.47238,1.1400,1.9800
30.01.2014 00:12:40.764,1.47440,1.47240,2.4900,2.0400
30.01.2014 00:12:42.164,1.47438,1.47238,2.4000,1.5300
30.01.2014 00:12:43.718,1.47436,1.47236,1.9000,2.6400
30.01.2014 00:12:45.051,1.47438,1.47238,1.7200,1.4600
30.01.2014 00:12:46.559,1.47435,1.47235,2.2400,2.8900
30.01.2014 00:12:48.014,1.47438,1.47238,1.5800,2.0100
30.01.2014 00:12:49.337,1.47439,1.47239,1.6300,1.9100
30.01.2014 00:12:50.772,1.47439,1.47239,1.9600,2.8700
30.01.2014 00:12:52.239,1.47436,1.47236,2.0600,1.9700
30.01.2014 00:12:53.546,1.47435,1.47235,1.7300,2.9700
30.01.2014 00:12:54.769,1.47437,1.47237,1.4200,1.7800
30.01.2014 00:12:56.170,1.47440,1.47240,2.8600,1.1400
30.01.2014 00:12:57.548,1.47440,1.47240,1.8700,1.8000
30.01.2014 00:12:58.748,1.47444,1.47244,1.5100,2.8100
30.01.2014 00:13:00.234,1.47444,1.47244,1.3400,2.2600
30.01.2014 00:13:01.493,1.47449,1.47249,1.8100,2.6300
30.01.2014 00:13:02.811,1.47449,1.47249,2.1300,1.4900
30.01.2014 00:13:04.185,1.47451,1.47251,2.7000,2.4000
30.01.2014 00:13:05.668,1.47453,1.47253,2.2100,2.6200
30.01.2014 00:13:07.130,1.47452,1.47252,2.3100,2.4900
30.01.2014 00:13:08.450,1.47450,1.47250,1.0300,2.5500
30.01.2014 00:13:09.823,1.47450,1.47250,1.5300,1.5500
30.01.2014 00:13:11.360,1.47450,1.47250,1.6300,1.4100
30.01.2014 00:13:12.758,1.47450,1.47250,2.8300,1.8500
30.01.2014 00:13:14.219,1.47450,1.47250,2.6500,1.9600
30.01.2014 00:13:15.613,1.47449,1.47249,1.0500,1.0800
30.01.2014 00:13:17.009,1.47450,1.47250,2.1700,1.5700
30.01.2014 00:13:18.382,1.47450,1.47250,1.7900,2.4200
30.01.2014 00:13:19.535,1.47449,1.47249,1.8400,2.3000
30.01.2014 00:13:20.830,1.47449,1.47249,2.8200,1.8300
30.01.2014 00:13:22.228,1.47449,1.47249,2.5300,2.3400
30.01.2014 00:13:23.675,1.47447,1.47247,2.9100,1.6200
30.01.2014 00:13:25.000,1.47445,1.47245,1.7300,1.5200
30.01.2014 00:13:26.336,1.47446,1.47246,1.4000,2.6000
30.01.2014 00:13:27.742,1.47446,1.47246,1.4700,2.5700
30.01.2014 00:13:29.204,1.47447,1.47247,2.4800,2.0200
30.01.2014 00:13:30.585,1.47449,1.47249,1.5100,1.1200
30.01.2014 00:13:32.034,1.47451,1.47251,1.1600,1.6100
30.01.2014 00:13:33.331,1.47453,1.47253,1.6900,2.2100
30.01.2014 00:13:34.746,1.47455,1.47255,2.3000,2.3800
30.01.2014 00:13:36.035,1.47453,1.47253,2.0700,1.2300
30.01.2014 00:13:37.547,1.47450,1.47250,1.3000,2.1100
30.01.2014 00:13:38.889,1.47449,1.47249,1.7700,2.5100
30.01.2014 00:13:40.246,1.47448,1.47248,2.8700,2.1800
30.01.2014 00:13:41.608,1.47449,1.47249,2.4600,2.2100
30.01.2014 00:13:42.999,1.47449,1.47249,2.5400,2.1200
30.01.2014 00:13:44.365,1.47449,1.47249,1.7800,1.2100
30.01.2014 00:13:45.819,1.47449,1.47249,1.6700,2.2900
30.01.2014 00:13:47.018,1.47449,1.47249,1.8900,1.7500
30.01.2014 00:13:48.518,1.47450,1.47250,1.5100,1.6300
30.01.2014 00:13:49.871,1.47451,1.47251,1.3000,1.1600
30.01.2014 00:13:51.217,1.47450,1.47250,1.1400,1.9500
30.01.2014 00:13:52.576,1.47452,1.47252,2.7100,2.0300
30.01.2014 00:13:53.887,1.47451,1.47251,1.9000,1.8500
30.01.2014 00:13:55.274,1.47452,1.47252,1.3000,1.7100
30.01.2014 00:13:56.674,1.47448,1.47248,1.9600,1.3800
30.01.2014 00:13:58.045,1.47448,1.47248,2.6700,1.6200
30.01.2014 00:13:59.301,1.47449,1.47249,1.6800,2.9100
30.01.2014 00:14:00.777,1.47448,1.47248,1.5700,1.7000
30.01.2014 00:14:02.123,1.47445,1.47245,1.7100,1.8100
30.01.2014 00:14:03.470,1.47445,1.47245,2.6800,1.4600
30.01.2014 00:14:05.055,1.47448,1.47248,2.2300,2.4100
30.01.2014 00:14:06.481,1.47449,1.47249,1.0800,1.7600
30.01.2014 00:14:07.910,1.47448,1.47248,1.4900,1.4400
30.01.2014 00:14:09.254,1.47446,1.47246,2.3600,1.3000
30.01.2014 00:14:10.663,1.47449,1.47249,2.9200,1.1300
30.01.2014 00:14:11.960,1.47450,1.47250,2.0100,1.5000
30.01.2014 00:14:13.540,1.47448,1.47248,2.4100,1.5100
30.01.2014 00:14:14.854,1.47449,1.47249,2.6100,2.9400
30.01.2014 00:14:16.314,1.47451,1.47251,1.4300,1.6500
30.01.2014 00:14:17.886,1.47449,1.47249,2.4800,2.7700
30.01.2014 00:14:19.357,1.47449,1.47249,1.0000,1.3200
30.01.2014 00:14:20.734,1.47451,1.47251,1.6600,1.7700
30.01.2014 00:14:22.202,1.47449,1.47249,1.8900,2.3800
30.01.2014 00:14:23.517,1.47451,1.47251,2.3200,1.3800
30.01.2014 00:14:24.927,1.47454,1.47254,2.5900,1.1300
30.01.2014 00:14:26.283,1.47451,1.47251,2.2200,1.3500
30.01.2014 00:14:27.613,1.47451,1.47251,2.3700,1.8400
30.01.2014 00:14:29.116,1.47454,1.47254,1.7600,2.4200
30.01.2014 00:14:30.451,1.47453,1.47253,2.4300,1.5400
30.01.2014 00:14:31.720,1.47453,1.47253,1.6100,1.4300
30.01.2014 00:14:33.131,1.47454,1.47254,2.6400,2.0100
30.01.2014 00:14:34.550,1.47452,1.47252,1.7100,2.6500
30.01.2014 00:14:36.158,1.47451,1.47251,1.2300,1.6800
30.01.2014 00:14:37.714,1.47448,1.47248,2.3500,2.4700
30.01.2014 00:14:39.091,1.47449,1.47249,2.3000,1.5300
30.01.2014 00:14:40.563,1.47445,1.47245,2.8300,2.7300
30.01.2014 00:14:41.976,1.47448,1.47248,1.8700,2.0200
30.01.2014 00:14:43.392,1.47449,1.47249,1.5400,2.4800
30.01.2014 00:14:44.809,1.47448,1.47248,1.4000,1.3000
30.01.2014 00:14:46.243,1.47449,1.47249,2.0800,1.1400
30.01.2014 00:14:47.698,1.47447,1.47247,1.5800,2.4300
30.01.2014 00:14:49.074,1.47450,1.47250,1.7400,1.6200
30.01.2014 00:14:50.412,1.47452,1.47252,1.1400,1.9300
30.01.2014 00:14:51.645,1.47455,1.47255,2.0000,2.6000
30.01.2014 00:14:53.013,1.47454,1.47254,2.1100,2.3800
30.01.2014 00:14:54.457,1.47454,1.47254,2.3200,1.9100
30.01.2014 00:14:55.711,1.47455,1.47255,2.6800,1.7600
30.01.2014 00:14:57.150,1.47455,1.47255,1.8600,1.5300
30.01.2014 00:14:58.558,1.47453,1.47253,2.6700,1.3400
30.01.2014 00:14:59.965,1.47454,1.47254,2.3500,2.1800
30.01.2014 00:15:01.558,1.47453,1.47253,2.0400,2.2700
30.01.2014 00:15:02.993,1.47453,1.47253,1.6400,2.4900
30.01.2014 00:15:04.322,1.47456,1.47256,2.3900,1.9300
30.01.2014 00:15:05.622,1.47455,1.47255,1.6800,2.5200
30.01.2014 00:15:07.091,1.47452,1.47252,1.7400,1.8100
30.01.2014 00:15:08.597,1.47450,1.47250,2.2300,1.1600
30.01.2014 00:15:10.041,1.47449,1.47249,1.5300,2.4000
30.01.2014 00:15:11.407,1.47454,1.47254,1.7300,2.1100
30.01.2014 00:15:12.940,1.47456,1.47256,2.6100,1.3500
30.01.2014 00:15:14.429,1.47456,1.47256,1.7900,2.9700
30.01.2014 00:15:15.748,1.47457,1.47257,2.2600,1.2200
30.01.2014 00:15:17.373,1.47455,1.47255,2.1100,2.5400
30.01.2014 00:15:18.573,1.47457,1.47257,1.7700,2.3600
30.01.2014 00:15:19.979,1.47455,1.47255,2.5200,1.3200
30.01.2014 00:15:21.511,1.47456,1.47256,2.3000,1.9100
30.01.2014 00:15:22.928,1.47457,1.47257,1.7600,1.3100
30.01.2014 00:15:24.436,1.47458,1.47258,1.8000,2.6800
30.01.2014 00:15:25.859,1.47457,1.47257,2.6900,2.8700
30.01.2014 00:15:27.161,1.47457,1.47257,1.7700,1.9700
30.01.2014 00:15:28.706,1.47458,1.47258,1.5800,1.1700
30.01.2014 00:15:30.058,1.47457,1.47257,2.3900,2.4600
30.01.2014 00:15:31.321,1.47457,1.47257,1.6100,1.5500
30.01.2014 00:15:32.628,1.47456,1.47256,1.5400,1.2300
30.01.2014 00:15:34.042,1.47459,1.47259,1.2400,1.1800
30.01.2014 00:15:35.533,1.47461,1.47261,2.5700,2.4100
30.01.2014 00:15:37.053,1.47461,1.47261,2.7700,2.9300
30.01.2014 00:15:38.246,1.47463,1.47263,2.5100,2.8900
30.01.2014 00:15:39.790,1.47465,1.47265,2.2800,2.6900
30.01.2014 00:15:41.138,1.47466,1.47266,2.2200,2.4700
30.01.2014 00:15:42.610,1.47466,1.47266,2.1400,1.4600
30.01.2014 00:15:43.987,1.47468,1.47268,2.0600,2.9700
30.01.2014 00:15:45.457,1.47469,1.47269,2.7000,2.9100
30.01.2014 00:15:46.910,1.47470,1.47270,1.2500,1.1200
30.01.2014 00:15:48.195,1.47470,1.47270,2.5600,1.7000
30.01.2014 00:15:49.646,1.47467,1.47267,2.1800,2.4700
30.01.2014 00:15:51.068,1.47467,1.47267,1.5700,1.0800
30.01.2014 00:15:52.352,1.47465,1.47265,2.8900,2.9100
30.01.2014 00:15:53.713,1.47464,1.47264,1.5700,1.7700
30.01.2014 00:15:55.099,1.47465,1.47265,2.6200,1.9100
30.01.2014 00:15:56.395,1.47464,1.47264,1.5600,1.3900
30.01.2014 00:15:57.980,1.47464,1.47264,1.7700,2.3200
30.01.2014 00:15:59.427,1.47464,1.47264,2.5800,1.3400
30.01.2014 00:16:00.906,1.47463,1.47263,2.6200,1.7100
30.01.2014 00:16:02.216,1.47464,1.47264,2.2900,2.6200
30.01.2014 00:16:03.497,1.47465,1.47265,1.5800,1.7800
30.01.2014 00:16:04.779,1.47467,1.47267,1.0500,2.2800
30.01.2014 00:16:06.079,1.47469,1.47269,1.4400,2.0000
30.01.2014 00:16:07.450,1.47468,1.47268,2.2200,2.6500
30.01.2014 00:16:08.981,1.47469,1.47269,1.9500,2.5800
30.01.2014 00:16:10.341,1.47467,1.47267,1.7100,1.5700
30.01.2014 00:16:11.797,1.47466,1.47266,1.9100,2.0800
30.01.2014 00:16:13.435,1.47469,1.47269,2.9200,2.2900
30.01.2014 00:16:14.784,1.47471,1.47271,1.7700,1.8500
30.01.2014 00:16:16.183,1.47469,1.47269,1.2100,1.4100
30.01.2014 00:16:17.680,1.47468,1.47268,1.2700,1.0600
30.01.2014 00:16:19.139,1.47469,1.47269,2.7100,2.3700
30.01.2014 00:16:20.382,1.47469,1.47269,1.4200,2.0900
30.01.2014 00:16:21.715,1.47468,1.47268,2.9500,1.7600
30.01.2014 00:16:23.233,1.47469,1.47269,2.5500,1.6500
30.01.2014 00:16:24.541,1.47469,1.47269,2.7400,1.2000
30.01.2014 00:16:26.003,1.47470,1.47270,2.5800,2.4700
30.01.2014 00:16:27.321,1.47472,1.47272,1.4800,2.2000
30.01.2014 00:16:28.596,1.47472,1.47272,1.5800,1.2800
30.01.2014 00:16:29.945,1.47470,1.47270,1.5800,2.1700
30.01.2014 00:16:31.385,1.47470,1.47270,1.9500,1.0400
30.01.2014 00:16:32.773,1.47475,1.47275,1.3100,2.2100
30.01.2014 00:16:34.144,1.47476,1.47276,2.1600,1.9700
30.01.2014 00:16:35.566,1.47476,1.47276,1.6500,1.2900
30.01.2014 00:16:37.003,1.47478,1.47278,1.9000,1.2100
30.01.2014 00:16:38.339,1.47478,1.47278,1.0900,2.6400
30.01.2014 00:16:39.619,1.47478,1.47278,2.1700,2.6100
30.01.2014 00:16:41.109,1.47480,1.47280,2.5100,2.5600
30.01.2014 00:16:42.529,1.47478,1.47278,1.3100,1.7300
30.01.2014 00:16:43.859,1.47479,1.47279,1.7500,1.1800
30.01.2014 00:16:45.393,1.47479,1.47279,2.7500,2.1000
30.01.2014 00:16:46.926,1.47479,1.47279,1.6900,2.8300
30.01.2014 00:16:48.471,1.47481,1.47281,1.9900,2.4400
30.01.2014 00:16:49.939,1.47483,1.47283,1.2100,2.0600
30.01.2014 00:16:51.334,1.47484,1.47284,1.9700,2.6300
30.01.2014 00:16:52.850,1.47485,1.47285,1.5500,2.5100
30.01.2014 00:16:54.128,1.47483,1.47283,1.3400,2.3800
30.01.2014 00:16:55.472,1.47480,1.47280,1.2100,1.7800
30.01.2014 00:16:56.746,1.47479,1.47279,1.1800,2.2400
30.01.2014 00:16:58.172,1.47479,1.47279,1.7800,1.9200
30.01.2014 00:16:59.576,1.47479,1.47279,1.6400,1.1800
30.01.2014 00:17:01.027,1.47478,1.47278,1.1700,2.9200
30.01.2014 00:17:02.403,1.47480,1.47280,2.6400,2.0200
30.01.2014 00:17:03.814,1.47481,1.47281,2.4700,1.0300
30.01.2014 00:17:05.297,1.47478,1.47278,1.0300,1.4100
30.01.2014 00:17:06.664,1.47476,1.47276,2.7200,1.5600
30.01.2014 00:17:08.100,1.47474,1.47274,2.6700,2.4300
30.01.2014 00:17:09.556,1.47474,1.47274,1.5600,2.9200
30.01.2014 00:17:11.000,1.47475,1.47275,2.0600,1.1400
30.01.2014 00:17:12.639,1.47474,1.47274,2.6100,2.6400
30.01.2014 00:17:13.959,1.47474,1.47274,1.3500,1.1100
30.01.2014 00:17:15.462,1.47476,1.47276,2.1000,2.2100
30.01.2014 00:17:16.968,1.47476,1.47276,2.9800,1.1500
30.01.2014 00:17:18.429,1.47479,1.47279,2.1900,1.3000
30.01.2014 00:17:19.801,1.47482,1.47282,1.8500,1.3500
30.01.2014 00:17:21.012,1.47480,1.47280,2.4000,1.9500
30.01.2014 00:17:22.522,1.47479,1.47279,1.4900,2.5800
30.01.2014 00:17:24.014,1.47482,1.47282,2.3900,1.4800
30.01.2014 00:17:25.388,1.47482,1.47282,2.1800,2.2900
30.01.2014 00:17:26.872,1.47481,1.47281,1.4500,2.0500
30.01.2014 00:17:28.346,1.47485,1.47285,1.1500,1.0400
30.01.2014 00:17:29.889,1.47484,1.47284,2.1700,2.1500
30.01.2014 00:17:31.333,1.47484,1.47284,1.1800,2.8500
30.01.2014 00:17:32.734,1.47489,1.47289,1.7500,2.3700
30.01.2014 00:17:34.052,1.47489,1.47289,2.6300,1.8000
30.01.2014 00:17:35.556,1.47487,1.47287,1.4000,1.3500
30.01.2014 00:17:36.926,1.47484,1.47284,1.1900,2.1600
30.01.2014 00:17:38.311,1.47486,1.47286,2.8800,1.0500
30.01.2014 00:17:39.768,1.47484,1.47284,2.4900,2.7800
30.01.2014 00:17:41.159,1.47484,1.47284,2.5200,1.1000
30.01.2014 00:17:42.433,1.47482,1.47282,1.0200,1.2600
30.01.2014 00:17:44.010,1.47482,1.47282,2.1400,2.8200
30.01.2014 00:17:45.251,1.47485,1.47285,1.2900,2.8300
30.01.2014 00:17:46.700,1.47482,1.47282,2.8500,2.5000
30.01.2014 00:17:48.159,1.47483,1.47283,1.7400,2.2900
30.01.2014 00:17:49.517,1.47484,1.47284,2.1500,2.6000
30.01.2014 00:17:50.946,1.47484,1.47284,1.6900,2.2400
30.01.2014 00:17:52.349,1.47481,1.47281,2.9800,1.9400
30.01.2014 00:17:53.797,1.47484,1.47284,1.9800,2.3000
30.01.2014 00:17:55.061,1.47484,1.47284,1.1900,2.8300
30.01.2014 00:17:56.522,1.47485,1.47285,2.5100,2.8100
30.01.2014 00:17:57.811,1.47484,1.47284,2.0100,1.2600
30.01.2014 00:17:59.318,1.47483,1.47283,1.0800,1.6500
30.01.2014 00:18:00.684,1.47481,1.47281,1.6300,2.4100
30.01.2014 00:18:02.167,1.47481,1.47281,2.8400,1.4300
30.01.2014 00:18:03.550,1.47481,1.47281,2.8300,2.0200
30.01.2014 00:18:04.979,1.47482,1.47282,1.1700,1.5800
30.01.2014 00:18:06.397,1.47481,1.47281,2.1100,1.5900
30.01.2014 00:18:07.863,1.47479,1.47279,1.5000,2.2200
30.01.2014 00:18:09.125,1.47479,1.47279,2.8100,2.0100
30.01.2014 00:18:10.404,1.47477,1.47277,1.7200,2.9600
30.01.2014 00:18:11.866,1.47475,1.47275,2.5300,2.8300
30.01.2014 00:18:13.141,1.47474,1.47274,2.1700,1.0100
30.01.2014 00:18:14.517,1.47474,1.47274,2.7400,1.0200
30.01.2014 00:18:15.733,1.47474,1.47274,1.6100,1.0800
30.01.2014 00:18:17.280,1.47474,1.47274,2.8800,1.8700
30.01.2014 00:18:18.823,1.47472,1.47272,1.4400,1.8800
30.01.2014 00:18:20.068,1.47469,1.47269,2.1600,2.6900
30.01.2014 00:18:21.384,1.47468,1.47268,1.7500,1.3900
30.01.2014 00:18:22.876,1.47470,1.47270,2.4900,1.4500
30.01.2014 00:18:24.407,1.47470,1.47270,1.7000,2.3000
30.01.2014 00:18:25.839,1.47470,1.47270,2.9900,2.9200
30.01.2014 00:18:27.450,1.47469,1.47269,1.6800,2.5700
30.01.2014 00:18:28.706,1.47467,1.47267,2.4000,2.8400
30.01.2014 00:18:30.047,1.47466,1.47266,2.2100,2.4600
30.01.2014 00:18:31.414,1.47469,1.47269,1.0600,2.4500
30.01.2014 00:18:32.922,1.47468,1.47268,2.2500,1.9100
30.01.2014 00:18:34.393,1.47468,1.47268,1.1900,1.4200
30.01.2014 00:18:35.971,1.47468,1.47268,2.5900,2.9900
30.01.2014 00:18:37.384,1.47466,1.47266,1.7500,1.8900
30.01.2014 00:18:38.740,1.47464,1.47264,1.1000,1.7100
30.01.2014 00:18:40.135,1.47464,1.47264,2.7100,2.4200
30.01.2014 00:18:41.534,1.47461,1.47261,2.0300,2.7800
30.01.2014 00:18:42.864,1.47465,1.47265,1.6200,2.7500
30.01.2014 00:18:44.417,1.47464,1.47264,2.0200,1.2700
30.01.2014 00:18:45.835,1.47466,1.47266,1.9400,1.8300
30.01.2014 00:18:47.149,1.47464,1.47264,1.8800,1.7100
30.01.2014 00:18:48.580,1.47466,1.47266,3.0000,1.4000
30.01.2014 00:18:49.775,1.47466,1.47266,1.7600,2.9800
30.01.2014 00:18:51.085,1.47466,1.47266,2.3800,1.5900
30.01.2014 00:18:52.547,1.47468,1.47268,1.0900,2.3400
30.01.2014 00:18:53.891,1.47470,1.47270,1.5700,2.8000
30.01.2014 00:18:55.380,1.47469,1.47269,1.9000,2.9400
30.01.2014 00:18:56.913,1.47468,1.47268,2.1600,1.2900
30.01.2014 00:18:58.101,1.47468,1.47268,2.5900,2.7000
30.01.2014 00:18:59.599,1.47464,1.47264,2.3600,1.3500
30.01.2014 00:19:00.938,1.47465,1.47265,2.1000,2.8600
30.01.2014 00:19:02.418,1.47464,1.47264,2.9700,1.1600
30.01.2014 00:19:03.919,1.47463,1.47263,1.1400,2.7600
30.01.2014 00:19:05.493,1.47463,1.47263,2.9200,2.6000
30.01.2014 00:19:06.777,1.47465,1.47265,2.7500,2.5200
30.01.2014 00:19:08.031,1.47465,1.47265,1.4800,2.4400
30.01.2014 00:19:09.378,1.47464,1.47264,2.4000,1.6600
30.01.2014 00:19:10.809,1.47463,1.47263,2.7300,1.2000
30.01.2014 00:19:12.065,1.47463,1.47263,1.1600,2.6800
30.01.2014 00:19:13.598,1.47461,1.47261,2.5000,2.6800
30.01.2014 00:19:15.043,1.47463,1.47263,2.5000,2.1000
30.01.2014 00:19:16.359,1.47461,1.47261,2.9900,2.1200
30.01.2014 00:19:17.655,1.47463,1.47263,1.7400,1.6600
30.01.2014 00:19:19.002,1.47464,1.47264,2.3800,1.9900
30.01.2014 00:19:20.380,1.47462,1.47262,1.7600,2.5600
30.01.2014 00:19:21.753,1.47460,1.47260,1.1000,1.5400
30.01.2014 00:19:22.940,1.47463,1.47263,1.3700,2.0200
30.01.2014 00:19:24.267,1.47462,1.47262,1.4000,2.7100
30.01.2014 00:19:25.606,1.47461,1.47261,2.2400,2.5500
30.01.2014 00:19:26.872,1.47460,1.47260,2.5100,2.0000
30.01.2014 00:19:28.342,1.47461,1.47261,1.8900,1.0400
30.01.2014 00:19:29.728,1.47459,1.47259,1.5700,1.9000
30.01.2014 00:19:31.053,1.47459,1.47259,2.9600,2.4800
30.01.2014 00:19:32.457,1.47461,1.47261,1.3700,1.2700
30.01.2014 00:19:33.926,1.47460,1.47260,2.5100,1.8000
30.01.2014 00:19:35.411,1.47460,1.47260,2.1300,2.0200
30.01.2014 00:19:36.755,1.47458,1.47258,2.3700,2.3300
30.01.2014 00:19:38.320,1.47460,1.47260,2.2200,1.7000
30.01.2014 00:19:39.699,1.47460,1.47260,2.2900,2.3500
30.01.2014 00:19:41.193,1.47460,1.47260,2.0900,1.3400
30.01.2014 00:19:42.655,1.47458,1.47258,1.7600,2.4800
30.01.2014 00:19:44.010,1.47458,1.47258,2.4100,1.7100
30.01.2014 00:19:45.441,1.47460,1.47260,1.2600,1.9400
30.01.2014 00:19:46.930,1.47461,1.47261,2.5200,1.0700
30.01.2014 00:19:48.238,1.47458,1.47258,2.1100,2.4600
30.01.2014 00:19:49.501,1.47456,1.47256,2.6200,2.6500
30.01.2014 00:19:50.908,1.47455,1.47255,2.7100,1.7400
30.01.2014 00:19:52.334,1.47454,1.47254,1.2100,2.4100
30.01.2014 00:19:53.878,1.47455,1.47255,2.4000,1.8700
30.01.2014 00:19:55.256,1.47455,1.47255,2.5300,2.5400
30.01.2014 00:19:56.628,1.47456,1.47256,2.9800,1.5800
30.01.2014 00:19:57.968,1.47456,1.47256,1.1000,2.0800
30.01.2014 00:19:59.387,1.47456,1.47256,2.5500,2.7800
30.01.2014 00:20:00.649,1.47457,1.47257,1.0300,1.9800
30.01.2014 00:20:02.023,1.47459,1.47259,2.8900,2.3800
30.01.2014 00:20:03.503,1.47460,1.47260,2.2400,1.3800
30.01.2014 00:20:04.961,1.47461,1.47261,1.7000,2.1000
30.01.2014 00:20:06.253,1.47458,1.47258,1.4000,1.5600
30.01.2014 00:20:07.604,1.47459,1.47259,2.3300,2.1800
30.01.2014 00:20:08.898,1.47457,1.47257,1.0900,1.9100
30.01.2014 00:20:10.353,1.47456,1.47256,2.9100,1.0000
30.01.2014 00:20:11.707,1.47457,1.47257,2.5000,2.6600
30.01.2014 00:20:13.029,1.47457,1.47257,1.9200,2.0400
30.01.2014 00:20:14.320,1.47456,1.47256,2.4300,1.4600
30.01.2014 00:20:15.948,1.47459,1.47259,1.8200,2.1400
30.01.2014 00:20:17.252,1.47457,1.47257,2.2200,2.4000
30.01.2014 00:20:18.514,1.47457,1.47257,1.8100,2.3900
30.01.2014 00:20:19.853,1.47458,1.47258,2.6800,1.0900
30.01.2014 00:20:21.436,1.47461,1.47261,1.9700,2.7600
30.01.2014 00:20:22.846,1.47463,1.47263,1.9300,1.7100
30.01.2014 00:20:24.143,1.47464,1.47264,1.0100,1.4600
30.01.2014 00:20:25.561,1.47468,1.47268,2.5000,1.9800
30.01.2014 00:20:26.901,1.47467,1.47267,2.6200,2.5700
30.01.2014 00:20:28.369,1.47468,1.47268,2.9600,1.2500
30.01.2014 00:20:29.723,1.47470,1.47270,1.3700,2.3900
30.01.2014 00:20:31.190,1.47469,1.47269,1.7000,1.4000
30.01.2014 00:20:32.757,1.47469,1.47269,1.8100,1.3400
30.01.2014 00:20:34.231,1.47471,1.47271,2.7800,1.3700
30.01.2014 00:20:35.493,1.47471,1.47271,2.4200,2.4600
30.01.2014 00:20:36.997,1.47470,1.47270,1.3700,2.5200
30.01.2014 00:20:38.303,1.47469,1.47269,2.2300,1.0900
30.01.2014 00:20:39.892,1.47468,1.47268,1.2400,1.4800
30.01.2014 00:20:41.094,1.47469,1.47269,2.0700,1.6900
30.01.2014 00:20:42.561,1.47470,1.47270,2.9100,2.9700
30.01.2014 00:20:43.991,1.47469,1.47269,1.6400,2.7700
30.01.2014 00:20:45.337,1.47469,1.47269,2.6600,2.1500
30.01.2014 00:20:46.769,1.47469,1.47269,2.3800,1.2100
30.01.2014 00:20:48.231,1.47471,1.47271,1.0100,1.7000
30.01.2014 00:20:49.581,1.47471,1.47271,1.3900,2.0300
30.01.2014 00:20:50.967,1.47474,1.47274,2.0900,1.2400
30.01.2014 00:20:52.353,1.47473,1.47273,2.9900,2.9500
30.01.2014 00:20:53.754,1.47474,1.47274,1.0500,1.8300
30.01.2014 00:20:55.246,1.47475,1.47275,1.1300,1.0100
30.01.2014 00:20:56.923,1.47475,1.47275,1.4900,1.5300
30.01.2014 00:20:58.130,1.47473,1.47273,1.6300,1.2400
30.01.2014 00:20:59.651,1.47475,1.47275,1.0400,2.2100
30.01.2014 00:21:00.976,1.47471,1.47271,2.3500,1.5200
30.01.2014 00:21:02.369,1.47468,1.47268,2.7800,1.2800
30.01.2014 00:21:03.794,1.47465,1.47265,2.2200,2.2600
30.01.2014 00:21:04.995,1.47466,1.47266,1.3700,1.7100
30.01.2014 00:21:06.323,1.47468,1.47268,2.8300,1.3900
30.01.2014 00:21:07.720,1.47466,1.47266,1.9400,2.9300
30.01.2014 00:21:09.008,1.47466,1.47266,1.6800,2.8800
30.01.2014 00:21:10.412,1.47467,1.47267,2.5100,2.3500
30.01.2014 00:21:11.785,1.47467,1.47267,1.8700,2.0500
30.01.2014 00:21:13.206,1.47467,1.47267,1.9900,1.8100
30.01.2014 00:21:14.590,1.47463,1.47263,2.0000,1.7000
30.01.2014 00:21:16.062,1.47462,1.47262,2.0000,1.9200
30.01.2014 00:21:17.482,1.47463,1.47263,1.9900,2.3900
30.01.2014 00:21:18.803,1.47463,1.47263,2.7200,1.3000
30.01.2014 00:21:20.176,1.47464,1.47264,1.1300,2.6200
30.01.2014 00:21:21.462,1.47465,1.47265,1.9900,2.9300
30.01.2014 00:21:22.706,1.47463,1.47263,2.1800,1.3900
30.01.2014 00:21:24.184,1.47462,1.47262,1.4300,1.8600
30.01.2014 00:21:25.695,1.47465,1.47265,1.5300,1.7200
30.01.2014 00:21:27.114,1.47465,1.47265,2.8300,2.7200
30.01.2014 00:21:28.485,1.47466,1.47266,2.8600,1.2400
30.01.2014 00:21:29.763,1.47465,1.47265,2.4800,2.5700
30.01.2014 00:21:31.143,1.47463,1.47263,1.8200,1.4000
30.01.2014 00:21:32.610,1.47461,1.47261,1.7000,2.7500
30.01.2014 00:21:34.105,1.47461,1.47261,1.1100,1.2400
30.01.2014 00:21:35.374,1.47459,1.47259,1.5100,2.5300
30.01.2014 00:21:36.744,1.47460,1.47260,2.7200,2.1000
30.01.2014 00:21:38.437,1.47462,1.47262,2.0300,2.8300
30.01.2014 00:21:39.880,1.47464,1.47264,1.6900,1.6000
30.01.2014 00:21:41.232,1.47460,1.47260,2.3500,1.9400
30.01.2014 00:21:42.731,1.47459,1.47259,2.6600,1.6500
30.01.2014 00:21:44.208,1.47459,1.47259,2.9600,1.0800
30.01.2014 00:21:45.578,1.47463,1.47263,1.0700,2.5500
30.01.2014 00:21:47.028,1.47461,1.47261,1.7000,2.2200
30.01.2014 00:21:48.537,1.47459,1.47259,1.8100,1.7800
30.01.2014 00:21:49.901,1.47462,1.47262,1.6900,1.6200
30.01.2014 00:21:51.266,1.47462,1.47262,2.9800,2.0000
30.01.2014 00:21:52.649,1.47463,1.47263,1.6600,1.0300
30.01.2014 00:21:53.989,1.47463,1.47263,1.8200,2.4300
30.01.2014 00:21:55.385,1.47461,1.47261,1.5100,1.1700
30.01.2014 00:21:56.710,1.47459,1.47259,1.8900,2.1800
30.01.2014 00:21:58.111,1.47459,1.47259,2.3200,2.0400
30.01.2014 00:21:59.726,1.47461,1.47261,1.6100,2.0500
30.01.2014 00:22:01.157,1.47463,1.47263,1.2500,1.3800
30.01.2014 00:22:02.398,1.47462,1.47262,2.0700,1.1500
30.01.2014 00:22:03.703,1.47462,1.47262,2.2400,2.0100
30.01.2014 00:22:05.118,1.47462,1.47262,2.4100,1.9200
30.01.2014 00:22:06.610,1.47463,1.47263,1.6200,2.5600
30.01.2014 00:22:08.283,1.47462,1.47262,1.6500,1.4100
30.01.2014 00:22:09.709,1.47463,1.47263,1.6600,2.9900
30.01.2014 00:22:11.396,1.47463,1.47263,1.7000,1.0300
30.01.2014 00:22:12.693,1.47464,1.47264,2.3500,2.5400
30.01.2014 00:22:14.229,1.47463,1.47263,2.0300,2.9100
30.01.2014 00:22:15.574,1.47464,1.47264,1.1800,2.9300
30.01.2014 00:22:17.131,1.47464,1.47264,1.8000,1.8800
30.01.2014 00:22:18.289,1.47463,1.47263,1.5200,2.3900
30.01.2014 00:22:19.788,1.47461,1.47261,2.0900,2.0700
30.01.2014 00:22:21.300,1.47460,1.47260,1.0500,2.8200
30.01.2014 00:22:22.732,1.47459,1.47259,1.7900,2.7200
30.01.2014 00:22:24.161,1.47457,1.47257,2.5500,1.8900
30.01.2014 00:22:25.660,1.47458,1.47258,2.2200,2.5500
30.01.2014 00:22:26.944,1.47456,1.47256,2.1200,1.8600
30.01.2014 00:22:28.332,1.47456,1.47256,1.1600,2.4100
30.01.2014 00:22:29.854,1.47455,1.47255,2.0400,1.1400
30.01.2014 00:22:31.256,1.47457,1.47257,1.2600,1.4100
30.01.2014 00:22:32.642,1.47457,1.47257,1.1200,1.3700
30.01.2014 00:22:34.191,1.47456,1.47256,1.0700,1.3200
30.01.2014 00:22:35.755,1.47459,1.47259,2.8500,1.9600
30.01.2014 00:22:37.241,1.47456,1.47256,1.1200,2.0200
30.01.2014 00:22:38.657,1.47456,1.47256,1.6500,1.9400
30.01.2014 00:22:40.223,1.47459,1.47259,2.2200,2.2500
30.01.2014 00:22:41.535,1.47458,1.47258,1.9500,2.5700
30.01.2014 00:22:42.965,1.47460,1.47260,1.9300,1.9200
30.01.2014 00:22:44.377,1.47459,1.47259,1.0500,1.7700
30.01.2014 00:22:45.902,1.47459,1.47259,2.9100,2.3500
30.01.2014 00:22:47.386,1.47460,1.47260,2.1700,1.9100
30.01.2014 00:22:48.685,1.47461,1.47261,2.2300,2.0900
30.01.2014 00:22:50.115,1.47463,1.47263,2.4700,2.8800
30.01.2014 00:22:51.590,1.47463,1.47263,2.1000,2.0500
30.01.2014 00:22:53.134,1.47466,1.47266,2.6100,2.8700
30.01.2014 00:22:54.464,1.47464,1.47264,1.4100,1.1700
30.01.2014 00:22:55.862,1.47464,1.47264,2.9600,1.4500
30.01.2014 00:22:57.240,1.47462,1.47262,2.2800,1.5200
30.01.2014 00:22:58.568,1.47461,1.47261,2.0000,2.9600
30.01.2014 00:22:59.985,1.47460,1.47260,2.4500,2.4200
30.01.2014 00:23:01.445,1.47459,1.47259,1.4300,1.5300
30.01.2014 00:23:02.802,1.47458,1.47258,2.1900,1.3100
30.01.2014 00:23:04.132,1.47459,1.47259,1.4000,1.2100
30.01.2014 00:23:05.530,1.47460,1.47260,2.5000,1.0000
30.01.2014 00:23:06.983,1.47459,1.47259,2.5300,1.2600
30.01.2014 00:23:08.440,1.47460,1.47260,1.6600,1.6700
30.01.2014 00:23:09.932,1.47463,1.47263,1.7800,1.8200
30.01.2014 00:23:11.518,1.47464,1.47264,1.6000,1.3400
30.01.2014 00:23:12.873,1.47463,1.47263,2.9500,1.3700
30.01.2014 00:23:14.200,1.47463,1.47263,2.8100,1.4200
30.01.2014 00:23:15.595,1.47465,1.47265,2.2000,1.7300
30.01.2014 00:23:17.069,1.47461,1.47261,1.0200,2.5100
30.01.2014 00:23:18.546,1.47461,1.47261,2.1800,1.9000
30.01.2014 00:23:19.933,1.47464,1.47264,2.3400,1.1300
30.01.2014 00:23:21.561,1.47467,1.47267,2.5300,1.4500
30.01.2014 00:23:23.123,1.47467,1.47267,2.0000,1.3900
30.01.2014 00:23:24.542,1.47466,1.47266,2.2100,2.6500
30.01.2014 00:23:25.850,1.47465,1.47265,1.7700,2.6200
30.01.2014 00:23:27.224,1.47465,1.47265,2.3800,2.3500
30.01.2014 00:23:28.564,1.47468,1.47268,1.1000,2.7000
30.01.2014 00:23:29.851,1.47469,1.47269,1.7600,2.4300
30.01.2014 00:23:31.312,1.47467,1.47267,2.8900,2.8700
30.01.2014 00:23:32.590,1.47467,1.47267,2.4000,2.2000
30.01.2014 00:23:34.046,1.47467,1.47267,1.0900,2.3300
30.01.2014 00:23:35.395,1.47468,1.47268,1.1700,2.3800
30.01.2014 00:23:36.794,1.47473,1.47273,2.3000,1.5900
30.01.2014 00:23:38.277,1.47472,1.47272,2.2000,2.3400
30.01.2014 00:23:39.616,1.47474,1.47274,1.7000,2.4200
30.01.2014 00:23:41.053,1.47474,1.47274,1.2700,2.8300
30.01.2014 00:23:42.525,1.47475,1.47275,2.5100,2.3700
30.01.2014 00:23:43.908,1.47475,1.47275,1.0700,1.1900
30.01.2014 00:23:45.092,1.47475,1.47275,1.7600,2.3000
30.01.2014 00:23:46.508,1.47476,1.47276,1.8300,1.0600
30.01.2014 00:23:47.816,1.47478,1.47278,1.9700,1.5200
30.01.2014 00:23:49.232,1.47478,1.47278,2.5300,2.4400
30.01.2014 00:23:50.591,1.47480,1.47280,1.3200,2.5500
30.01.2014 00:23:52.044,1.47478,1.47278,1.5400,1.8400
30.01.2014 00:23:53.413,1.47478,1.47278,2.0700,1.5100
30.01.2014 00:23:54.811,1.47479,1.47279,2.4200,2.2600
30.01.2014 00:23:56.300,1.47479,1.47279,1.9900,2.2900
30.01.2014 00:23:57.629,1.47478,1.47278,2.2500,1.5100
30.01.2014 00:23:58.954,1.47478,1.47278,2.1500,2.0800
30.01.2014 00:24:00.390,1.47478,1.47278,2.6100,2.8900
30.01.2014 00:24:01.873,1.47479,1.47279,1.0600,2.0400
30.01.2014 00:24:03.326,1.47479,1.47279,1.2800,1.7300
30.01.2014 00:24:04.790,1.47478,1.47278,2.3800,1.2400
30.01.2014 00:24:06.390,1.47480,1.47280,2.6700,2.0600
30.01.2014 00:24:07.796,1.47481,1.47281,2.7400,1.8800
30.01.2014 00:24:09.137,1.47481,1.47281,1.3800,1.6700
30.01.2014 00:24:10.643,1.47478,1.47278,2.0400,1.8000
30.01.2014 00:24:12.045,1.47475,1.47275,2.1300,2.1000
30.01.2014 00:24:13.400,1.47476,1.47276,1.9500,1.6700
30.01.2014 00:24:14.831,1.47476,1.47276,1.0100,1.9800
30.01.2014 00:24:16.373,1.47476,1.47276,2.1800,1.9500
30.01.2014 00:24:17.660,1.47477,1.47277,1.6800,2.3700
30.01.2014 00:24:19.040,1.47483,1.47283,1.3800,2.2600
30.01.2014 00:24:20.306,1.47480,1.47280,1.1500,1.8200
30.01.2014 00:24:21.571,1.47485,1.47285,1.4900,1.7900
30.01.2014 00:24:22.906,1.47487,1.47287,2.3900,2.0500
30.01.2014 00:24:24.325,1.47488,1.47288,1.4600,2.9600
30.01.2014 00:24:25.771,1.47492,1.47292,2.5600,2.4200
30.01.2014 00:24:27.254,1.47495,1.47295,1.2800,1.2300
30.01.2014 00:24:28.677,1.47498,1.47298,1.2700,2.5100
30.01.2014 00:24:30.087,1.47497,1.47297,2.8700,2.1600
30.01.2014 00:24:31.349,1.47498,1.47298,1.4800,2.0500
30.01.2014 00:24:32.739,1.47498,1.47298,2.4500,2.9600
30.01.2014 00:24:33.998,1.47498,1.47298,2.0600,1.8400
30.01.2014 00:24:35.283,1.47497,1.47297,1.5600,2.1000
30.01.2014 00:24:36.657,1.47496,1.47296,1.0600,2.9000
30.01.2014 00:24:38.050,1.47494,1.47294,2.6400,1.6500
30.01.2014 00:24:39.489,1.47494,1.47294,1.0700,2.4900
30.01.2014 00:24:40.938,1.47496,1.47296,1.8400,1.7600
30.01.2014 00:24:42.412,1.47495,1.47295,2.0300,2.4100
30.01.2014 00:24:43.842,1.47497,1.47297,1.1500,2.6900
30.01.2014 00:24:45.227,1.47498,1.47298,2.7100,1.2700
30.01.2014 00:24:46.630,1.47499,1.47299,1.8600,2.5200
30.01.2014 00:24:48.137,1.47501,1.47301,1.3200,1.8800
30.01.2014 00:24:49.652,1.47503,1.47303,1.3800,1.7300
30.01.2014 00:24:51.040,1.47499,1.47299,2.1600,1.8900
30.01.2014 00:24:52.477,1.47498,1.47298,2.8900,1.2500
30.01.2014 00:24:53.678,1.47497,1.47297,1.5600,2.3500
30.01.2014 00:24:54.951,1.47497,1.47297,1.8100,1.8300
30.01.2014 00:24:56.310,1.47498,1.47298,2.8900,2.2300
30.01.2014 00:24:57.591,1.47499,1.47299,1.7500,2.5600
30.01.2014 00:24:59.002,1.47502,1.47302,1.3300,2.7300
30.01.2014 00:25:00.404,1.47503,1.47303,1.0200,2.9700
30.01.2014 00:25:01.761,1.47502,1.47302,2.3900,1.5900
30.01.2014 00:25:03.139,1.47499,1.47299,2.0900,1.7800
30.01.2014 00:25:04.397,1.47498,1.47298,2.2500,1.6300
30.01.2014 00:25:05.834,1.47500,1.47300,2.0400,1.1400
30.01.2014 00:25:07.152,1.47496,1.47296,2.4600,2.6300
30.01.2014 00:25:08.540,1.47495,1.47295,2.7600,2.4500
30.01.2014 00:25:09.883,1.47499,1.47299,1.3700,2.1000
30.01.2014 00:25:11.250,1.47500,1.47300,1.2400,2.5200
30.01.2014 00:25:12.651,1.47501,1.47301,2.2800,2.8800
30.01.2014 00:25:14.014,1.47500,1.47300,1.6000,2.8200
30.01.2014 00:25:15.429,1.47502,1.47302,1.5000,1.0600
30.01.2014 00:25:16.712,1.47502,1.47302,2.8600,1.6400
30.01.2014 00:25:18.261,1.47503,1.47303,1.1900,1.6800
30.01.2014 00:25:19.692,1.47502,1.47302,1.0900,3.0000
30.01.2014 00:25:20.922,1.47502,1.47302,1.2200,2.5200
30.01.2014 00:25:22.140,1.47501,1.47301,2.2600,1.6100
30.01.2014 00:25:23.419,1.47501,1.47301,1.4700,2.4600
30.01.2014 00:25:24.791,1.47502,1.47302,1.1100,2.1700
30.01.2014 00:25:26.287,1.47502,1.47302,1.0600,2.7700
30.01.2014 00:25:27.621,1.47500,1.47300,1.9800,1.6100
30.01.2014 00:25:28.977,1.47502,1.47302,2.8000,2.6800
30.01.2014 00:25:30.553,1.47503,1.47303,2.9100,2.5300
30.01.2014 00:25:31.980,1.47502,1.47302,2.9900,1.0700
30.01.2014 00:25:33.374,1.47501,1.47301,1.0300,1.5200
30.01.2014 00:25:34.700,1.47499,1.47299,1.3700,1.4900
30.01.2014 00:25:36.021,1.47501,1.47301,1.3900,2.8000
30.01.2014 00:25:37.185,1.47501,1.47301,1.6500,1.4900
30.01.2014 00:25:38.610,1.47502,1.47302,2.1900,1.2200
30.01.2014 00:25:40.102,1.47501,1.47301,1.7100,2.3600
30.01.2014 00:25:41.462,1.47503,1.47303,2.6100,2.6000
30.01.2014 00:25:42.804,1.47503,1.47303,1.3400,1.2700
30.01.2014 00:25:44.302,1.47506,1.47306,2.0200,2.3900
30.01.2014 00:25:45.810,1.47507,1.47307,2.4700,2.7900
30.01.2014 00:25:47.137,1.47509,1.47309,2.5200,2.3300
30.01.2014 00:25:48.583,1.47510,1.47310,1.2300,2.9900
30.01.2014 00:25:50.100,1.47510,1.47310,1.5100,2.4000
30.01.2014 00:25:51.614,1.47512,1.47312,2.2600,1.2100
30.01.2014 00:25:52.982,1.47512,1.47312,2.1600,1.3100
30.01.2014 00:25:54.348,1.47513,1.47313,2.3000,2.1100
30.01.2014 00:25:55.696,1.47511,1.47311,1.1100,1.0600
30.01.2014 00:25:57.159,1.47509,1.47309,2.1900,2.4300
30.01.2014 00:25:58.551,1.47507,1.47307,1.6500,2.3100
30.01.2014 00:25:59.870,1.47507,1.47307,1.8700,1.1200
30.01.2014 00:26:01.269,1.47509,1.47309,1.9500,1.9300
30.01.2014 00:26:02.818,1.47510,1.47310,1.8500,2.5300
30.01.2014 00:26:04.078,1.47511,1.47311,2.4400,1.4800
30.01.2014 00:26:05.506,1.47512,1.47312,2.7800,1.0000
30.01.2014 00:26:06.763,1.47512,1.47312,2.9000,2.1800
30.01.2014 00:26:08.320,1.47513,1.47313,2.1700,1.4800
30.01.2014 00:26:09.645,1.47512,1.47312,1.4700,1.2800
30.01.2014 00:26:11.075,1.47510,1.47310,2.7300,1.4200
30.01.2014 00:26:12.354,1.47510,1.47310,1.8500,1.3900
30.01.2014 00:26:13.664,1.47511,1.47311,1.5800,2.1600
30.01.2014 00:26:14.897,1.47512,1.47312,2.8600,1.0800
30.01.2014 00:26:16.492,1.47513,1.47313,2.7900,2.6600
30.01.2014 00:26:17.897,1.47516,1.47316,2.5100,2.6500
30.01.2014 00:26:19.362,1.47517,1.47317,2.2600,2.3900
30.01.2014 00:26:20.706,1.47518,1.47318,1.3700,1.1300
30.01.2014 00:26:22.111,1.47519,1.47319,1.7900,2.9400
30.01.2014 00:26:23.641,1.47517,1.47317,1.3300,2.1500
30.01.2014 00:26:24.996,1.47514,1.47314,1.4100,1.1000
30.01.2014 00:26:26.643,1.47510,1.47310,2.6500,2.0600
30.01.2014 00:26:27.934,1.47509,1.47309,2.6600,2.6500
30.01.2014 00:26:29.221,1.47508,1.47308,1.0400,2.0200
30.01.2014 00:26:30.712,1.47507,1.47307,1.4300,1.7900
30.01.2014 00:26:32.032,1.47507,1.47307,1.2400,2.9200
30.01.2014 00:26:33.342,1.47509,1.47309,1.2900,2.4600
30.01.2014 00:26:34.646,1.47509,1.47309,2.8500,1.1000
30.01.2014 00:26:36.174,1.47511,1.47311,1.4700,1.8200
30.01.2014 00:26:37.654,1.47512,1.47312,1.7300,2.8100
30.01.2014 00:26:38.950,1.47512,1.47312,2.9000,1.6000
30.01.2014 00:26:40.278,1.47514,1.47314,1.9600,2.1500
30.01.2014 00:26:41.609,1.47517,1.47317,2.9900,1.3300
30.01.2014 00:26:42.899,1.47516,1.47316,3.0000,2.1500
30.01.2014 00:26:44.061,1.47517,1.47317,2.8100,2.0300
30.01.2014 00:26:45.397,1.47513,1.47313,1.4800,1.2600
30.01.2014 00:26:46.614,1.47513,1.47313,1.1500,1.5400
30.01.2014 00:26:47.938,1.47511,1.47311,1.8800,1.3400
30.01.2014 00:26:49.281,1.47512,1.47312,1.2500,2.3500
30.01.2014 00:26:50.809,1.47511,1.47311,2.1000,2.4800
30.01.2014 00:26:52.166,1.47512,1.47312,2.6500,1.7800
30.01.2014 00:26:53.625,1.47510,1.47310,2.2100,2.9200
30.01.2014 00:26:54.843,1.47511,1.47311,2.3600,1.1400
30.01.2014 00:26:56.109,1.47510,1.47310,1.4600,1.1500
30.01.2014 00:26:57.283,1.47509,1.47309,2.0300,2.7200
30.01.2014 00:26:58.718,1.47509,1.47309,1.7700,1.6600
30.01.2014 00:26:59.975,1.47509,1.47309,2.7100,2.0700
30.01.2014 00:27:01.404,1.47510,1.47310,1.9000,1.1100
30.01.2014 00:27:02.722,1.47510,1.47310,2.3800,2.4200
30.01.2014 00:27:04.059,1.47508,1.47308,1.9200,1.4700
30.01.2014 00:27:05.509,1.47509,1.47309,2.4900,2.6400
30.01.2014 00:27:06.972,1.47511,1.47311,1.7000,2.1500
30.01.2014 00:27:08.393,1.47510,1.47310,1.7600,2.6800
30.01.2014 00:27:09.988,1.47508,1.47308,1.1000,2.5600
30.01.2014 00:27:11.596,1.47506,1.47306,1.5300,2.5300
30.01.2014 00:27:13.117,1.47504,1.47304,2.8500,1.6000
30.01.2014 00:27:14.567,1.47505,1.47305,2.4900,1.9700
30.01.2014 00:27:16.004,1.47506,1.47306,1.4700,1.1400
30.01.2014 00:27:17.504,1.47507,1.47307,1.1800,2.9800
30.01.2014 00:27:19.015,1.47510,1.47310,1.2600,2.9200
30.01.2014 00:27:20.262,1.47509,1.47309,1.8900,2.4700
30.01.2014 00:27:21.572,1.47509,1.47309,1.5700,2.7100
30.01.2014 00:27:22.889,1.47512,1.47312,2.5700,1.8700
30.01.2014 00:27:24.334,1.47511,1.47311,1.1400,1.8900
30.01.2014 00:27:25.657,1.47510,1.47310,2.2200,2.3100
30.01.2014 00:27:26.970,1.47510,1.47310,2.3600,1.3900
30.01.2014 00:27:28.447,1.47509,1.47309,1.4400,2.1500
30.01.2014 00:27:29.992,1.47508,1.47308,1.3100,1.5100
30.01.2014 00:27:31.310,1.47509,1.47309,2.3300,2.5400
30.01.2014 00:27:32.853,1.47511,1.47311,2.3800,1.1900
30.01.2014 00:27:34.310,1.47513,1.47313,2.2200,1.6100
30.01.2014 00:27:35.696,1.47508,1.47308,2.6000,2.4300
30.01.2014 00:27:37.035,1.47509,1.47309,2.1600,1.4500
30.01.2014 00:27:38.396,1.47509,1.47309,2.3300,2.8900
30.01.2014 00:27:39.882,1.47511,1.47311,2.6900,1.9500
30.01.2014 00:27:41.215,1.47509,1.47309,1.4200,2.4500
30.01.2014 00:27:42.555,1.47509,1.47309,2.6200,1.0100
30.01.2014 00:27:43.992,1.47509,1.47309,2.8000,2.6000
30.01.2014 00:27:45.351,1.47510,1.47310,2.0100,1.2100
30.01.2014 00:27:46.659,1.47511,1.47311,1.7600,1.7900
30.01.2014 00:27:47.988,1.47513,1.47313,2.6600,2.5500
30.01.2014 00:27:49.418,1.47511,1.47311,2.1600,1.0500
30.01.2014 00:27:50.816,1.47509,1.47309,2.6600,2.8300
30.01.2014 00:27:52.199,1.47509,1.47309,2.7200,1.7900
30.01.2014 00:27:53.644,1.47509,1.47309,2.0700,1.2700
30.01.2014 00:27:55.144,1.47509,1.47309,1.5600,1.9100
30.01.2014 00:27:56.600,1.47509,1.47309,1.1300,1.8400
30.01.2014 00:27:58.047,1.47509,1.47309,2.2600,2.9000
30.01.2014 00:27:59.370,1.47511,1.47311,1.5500,1.3300
30.01.2014 00:28:00.800,1.47509,1.47309,2.2200,2.2400
30.01.2014 00:28:02.339,1.47508,1.47308,1.8200,1.1700
30.01.2014 00:28:03.682,1.47507,1.47307,2.6100,2.8700
30.01.2014 00:28:05.152,1.47508,1.47308,1.7100,2.0900
30.01.2014 00:28:06.621,1.47507,1.47307,2.6400,2.9200
30.01.2014 00:28:08.054,1.47507,1.47307,2.2600,2.2100
30.01.2014 00:28:09.468,1.47506,1.47306,2.0400,1.0900
30.01.2014 00:28:10.891,1.47508,1.47308,2.0500,2.3200
30.01.2014 00:28:12.341,1.47508,1.47308,1.6400,2.9100
30.01.2014 00:28:13.744,1.47509,1.47309,2.2500,2.8500
30.01.2014 00:28:15.076,1.47510,1.47310,2.0900,2.3900
30.01.2014 00:28:16.576,1.47513,1.47313,1.8700,2.3300
30.01.2014 00:28:18.049,1.47512,1.47312,1.5600,2.8500
30.01.2014 00:28:19.432,1.47513,1.47313,1.7600,1.3500
30.01.2014 00:28:20.928,1.47511,1.47311,2.6100,1.8400
30.01.2014 00:28:22.179,1.47512,1.47312,2.1600,1.8100
30.01.2014 00:28:23.646,1.47513,1.47313,2.7200,1.4700
30.01.2014 00:28:25.125,1.47514,1.47314,1.8000,1.1800
30.01.2014 00:28:26.503,1.47515,1.47315,2.0800,2.7600
30.01.2014 00:28:28.034,1.47516,1.47316,1.9500,2.5000
30.01.2014 00:28:29.474,1.47520,1.47320,2.9700,2.0200
30.01.2014 00:28:30.987,1.47522,1.47322,2.6600,2.6200
30.01.2014 00:28:32.305,1.47523,1.47323,1.3000,1.5200
30.01.2014 00:28:33.756,1.47522,1.47322,1.0200,1.0200
30.01.2014 00:28:35.197,1.47523,1.47323,1.6100,2.1100
30.01.2014 00:28:36.874,1.47523,1.47323,1.4600,2.5400
30.01.2014 00:28:38.476,1.47522,1.47322,2.7100,2.5700
30.01.2014 00:28:39.840,1.47521,1.47321,2.4800,2.1400
30.01.2014 00:28:41.193,1.47521,1.47321,2.1300,2.0600
30.01.2014 00:28:42.485,1.47523,1.47323,2.9400,1.5800
30.01.2014 00:28:43.949,1.47523,1.47323,1.3000,1.2700
30.01.2014 00:28:45.325,1.47522,1.47322,2.9700,2.6700
30.01.2014 00:28:46.901,1.47523,1.47323,1.4400,1.0300
30.01.2014 00:28:48.333,1.47522,1.47322,2.3400,1.0000
30.01.2014 00:28:49.561,1.47521,1.47321,2.4200,1.0300
30.01.2014 00:28:50.941,1.47521,1.47321,1.1600,2.9800
30.01.2014 00:28:52.274,1.47519,1.47319,2.5300,1.7500
30.01.2014 00:28:53.738,1.47517,1.47317,2.7500,1.9400
30.01.2014 00:28:55.038,1.47518,1.47318,1.0600,2.1400
30.01.2014 00:28:56.471,1.47520,1.47320,2.0900,1.6200
30.01.2014 00:28:57.834,1.47520,1.47320,1.5500,2.4300
30.01.2014 00:28:59.406,1.47520,1.47320,2.5800,2.9800
30.01.2014 00:29:00.940,1.47522,1.47322,2.8200,2.4400
30.01.2014 00:29:02.149,1.47523,1.47323,2.2900,1.8300
30.01.2014 00:29:03.629,1.47523,1.47323,1.8700,1.2600
30.01.2014 00:29:04.989,1.47526,1.47326,1.7200,2.5100
30.01.2014 00:29:06.376,1.47524,1.47324,1.4300,2.4300
30.01.2014 00:29:07.700,1.47528,1.47328,1.1600,2.8000
30.01.2014 00:29:09.037,1.47528,1.47328,1.4900,2.5400
30.01.2014 00:29:10.439,1.47530,1.47330,2.8600,2.1700
30.01.2014 00:29:11.934,1.47528,1.47328,1.1400,2.0000
30.01.2014 00:29:13.397,1.47530,1.47330,2.1100,1.3600
30.01.2014 00:29:14.845,1.47530,1.47330,2.3000,1.3200
30.01.2014 00:29:16.326,1.47530,1.47330,1.8200,2.1900
30.01.2014 00:29:17.772,1.47530,1.47330,1.8300,2.8600
30.01.2014 00:29:19.236,1.47531,1.47331,1.1900,2.9100
30.01.2014 00:29:20.549,1.47530,1.47330,2.4100,1.5200
30.01.2014 00:29:21.933,1.47529,1.47329,1.4500,2.6000
30.01.2014 00:29:23.389,1.47531,1.47331,1.5200,1.2500
30.01.2014 00:29:24.741,1.47535,1.47335,1.7000,2.1100
30.01.2014 00:29:26.067,1.47537,1.47337,1.6300,2.9000
30.01.2014 00:29:27.581,1.47535,1.47335,2.5200,2.5000
30.01.2014 00:29:28.836,1.47533,1.47333,2.4100,2.1300
30.01.2014 00:29:30.115,1.47534,1.47334,1.6000,1.8200
30.01.2014 00:29:31.282,1.47534,1.47334,1.8000,1.7600
30.01.2014 00:29:32.788,1.47533,1.47333,1.9700,2.0400
30.01.2014 00:29:34.122,1.47533,1.47333,2.5400,2.9200
30.01.2014 00:29:35.243,1.47533,1.47333,2.0400,1.5300
30.01.2014 00:29:36.773,1.47531,1.47331,2.6800,2.3300
30.01.2014 00:29:37.957,1.47532,1.47332,2.1500,1.0900
30.01.2014 00:29:39.304,1.47529,1.47329,2.3700,2.3800
30.01.2014 00:29:40.822,1.47530,1.47330,2.8500,1.2700
30.01.2014 00:29:42.214,1.47530,1.47330,2.9300,1.9000
30.01.2014 00:29:43.582,1.47530,1.47330,2.8400,1.3500
30.01.2014 00:29:44.981,1.47525,1.47325,1.5000,2.6700
30.01.2014 00:29:46.227,1.47525,1.47325,2.0800,1.6200
30.01.2014 00:29:47.356,1.47524,1.47324,1.2000,2.1300
30.01.2014 00:29:48.764,1.47526,1.47326,1.4700,3.0000
30.01.2014 00:29:50.100,1.47523,1.47323,1.7900,2.2800
30.01.2014 00:29:51.529,1.47525,1.47325,1.4900,2.1400
30.01.2014 00:29:52.993,1.47524,1.47324,2.8200,2.7800
30.01.2014 00:29:54.439,1.47525,1.47325,2.3400,1.1100
30.01.2014 00:29:56.041,1.47526,1.47326,1.6000,1.1400
30.01.2014 00:29:57.536,1.47524,1.47324,1.2600,2.0600
30.01.2014 00:29:58.966,1.47524,1.47324,1.0600,2.8500
30.01.2014 00:30:00.286,1.47524,1.47324,1.7100,1.1100
30.01.2014 00:30:01.714,1.47523,1.47323,1.4000,2.5700
30.01.2014 00:30:03.140,1.47521,1.47321,1.8300,2.1900
30.01.2014 00:30:04.440,1.47523,1.47323,1.5900,1.7200
30.01.2014 00:30:05.789,1.47521,1.47321,2.9400,2.5300
30.01.2014 00:30:07.203,1.47521,1.47321,1.7300,1.4300
30.01.2014 00:30:08.603,1.47519,1.47319,1.6300,1.3400
30.01.2014 00:30:09.912,1.47519,1.47319,2.2700,1.0200
30.01.2014 00:30:11.208,1.47522,1.47322,1.3400,1.2600
30.01.2014 00:30:12.739,1.47521,1.47321,2.5800,2.4700
30.01.2014 00:30:14.026,1.47520,1.47320,1.4500,1.2100
30.01.2014 00:30:15.333,1.47522,1.47322,2.8600,2.8200
30.01.2014 00:30:16.645,1.47521,1.47321,2.7700,1.7600
30.01.2014 00:30:18.345,1.47517,1.47317,1.0200,1.7700
30.01.2014 00:30:19.745,1.47517,1.47317,2.8400,2.5100
30.01.2014 00:30:21.231,1.47519,1.47319,2.0400,1.6500
30.01.2014 00:30:22.581,1.47519,1.47319,1.0400,2.6800
30.01.2014 00:30:24.046,1.47516,1.47316,1.6000,2.4200
30.01.2014 00:30:25.490,1.47515,1.47315,2.0100,2.5100
30.01.2014 00:30:26.706,1.47512,1.47312,2.8600,2.1700
30.01.2014 00:30:28.015,1.47513,1.47313,2.1300,2.0600
30.01.2014 00:30:29.419,1.47513,1.47313,2.4700,1.7200
30.01.2014 00:30:30.771,1.47516,1.47316,1.6200,1.5900
30.01.2014 00:30:32.069,1.47514,1.47314,2.9200,1.5400
30.01.2014 00:30:33.631,1.47512,1.47312,1.5900,1.8900
30.01.2014 00:30:35.041,1.47513,1.47313,2.5300,1.0100
30.01.2014 00:30:36.499,1.47513,1.47313,2.2800,2.8400
30.01.2014 00:30:38.103,1.47512,1.47312,2.3900,2.5700
30.01.2014 00:30:39.460,1.47511,1.47311,2.1300,2.6700
30.01.2014 00:30:40.766,1.47509,1.47309,2.9300,1.0300
30.01.2014 00:30:42.118,1.47509,1.47309,2.5200,1.7300
30.01.2014 00:30:43.755,1.47509,1.47309,1.4900,1.9800
30.01.2014 00:30:45.140,1.47508,1.47308,2.6500,2.6300
30.01.2014 00:30:46.674,1.47510,1.47310,2.5300,1.4400
30.01.2014 00:30:48.072,1.47508,1.47308,1.6500,1.2000
30.01.2014 00:30:49.351,1.47510,1.47310,2.2000,2.6100
30.01.2014 00:30:50.869,1.47510,1.47310,1.0200,1.8600
30.01.2014 00:30:52.413,1.47511,1.47311,2.0600,2.9600
30.01.2014 00:30:53.751,1.47511,1.47311,2.3700,1.6600
30.01.2014 00:30:54.953,1.47511,1.47311,2.6700,2.5000
30.01.2014 00:30:56.320,1.47510,1.47310,2.0400,2.8400
30.01.2014 00:30:57.908,1.47514,1.47314,1.5300,2.9500
30.01.2014 00:30:59.158,1.47515,1.47315,1.2200,2.3600
30.01.2014 00:31:00.738,1.47515,1.47315,1.1000,2.4300
30.01.2014 00:31:02.095,1.47514,1.47314,1.1200,2.6500
30.01.2014 00:31:03.518,1.47515,1.47315,2.7600,2.5600
30.01.2014 00:31:04.892,1.47519,1.47319,1.1000,2.6300
30.01.2014 00:31:06.302,1.47519,1.47319,2.5800,2.1700
30.01.2014 00:31:07.786,1.47519,1.47319,1.5900,2.6200
30.01.2014 00:31:09.146,1.47519,1.47319,2.3100,2.9300
30.01.2014 00:31:10.609,1.47520,1.47320,1.0600,1.0700
30.01.2014 00:31:12.118,1.47521,1.47321,1.7200,1.9100
30.01.2014 00:31:13.420,1.47523,1.47323,2.4700,1.1500
30.01.2014 00:31:14.629,1.47523,1.47323,1.4800,1.8900
30.01.2014 00:31:15.919,1.47520,1.47320,2.4600,1.8900
30.01.2014 00:31:17.283,1.47518,1.47318,1.0300,2.2100
30.01.2014 00:31:18.602,1.47519,1.47319,2.7100,1.0500
30.01.2014 00:31:20.024,1.47519,1.47319,2.2800,1.4100
30.01.2014 00:31:21.398,1.47522,1.47322,1.6700,2.4300
30.01.2014 00:31:22.978,1.47524,1.47324,1.6400,2.3700
30.01.2014 00:31:24.331,1.47523,1.47323,2.3800,2.0600
30.01.2014 00:31:25.667,1.47525,1.47325,2.6500,1.1800
30.01.2014 00:31:27.187,1.47524,1.47324,2.3600,1.4400
30.01.2014 00:31:28.536,1.47525,1.47325,1.7100,1.4800
30.01.2014 00:31:29.977,1.47526,1.47326,2.1800,2.3500
30.01.2014 00:31:31.328,1.47525,1.47325,2.6000,1.1800
30.01.2014 00:31:32.807,1.47524,1.47324,2.5600,2.7500
30.01.2014 00:31:34.268,1.47525,1.47325,2.3400,2.6700
30.01.2014 00:31:35.666,1.47520,1.47320,1.5200,1.0200
30.01.2014 00:31:37.014,1.47522,1.47322,1.4200,1.3900
30.01.2014 00:31:38.437,1.47521,1.47321,2.7000,1.1700
30.01.2014 00:31:39.637,1.47520,1.47320,2.7600,2.6200
30.01.2014 00:31:41.130,1.47521,1.47321,2.0300,2.2700
30.01.2014 00:31:42.339,1.47523,1.47323,1.6900,2.1100
30.01.2014 00:31:43.733,1.47524,1.47324,2.2900,1.0900
30.01.2014 00:31:45.166,1.47526,1.47326,1.8600,2.8400
30.01.2014 00:31:46.476,1.47527,1.47327,2.3900,1.4200
30.01.2014 00:31:47.976,1.47525,1.47325,1.9100,1.6200
30.01.2014 00:31:49.272,1.47524,1.47324,2.4500,2.2100
30.01.2014 00:31:50.602,1.47524,1.47324,2.6000,2.3300
30.01.2014 00:31:51.841,1.47522,1.47322,1.9700,1.0700
30.01.2014 00:31:53.234,1.47519,1.47319,1.4900,1.7900
30.01.2014 00:31:54.702,1.47521,1.47321,1.4400,2.0000
30.01.2014 00:31:56.176,1.47524,1.47324,3.0000,2.9300
30.01.2014 00:31:57.579,1.47520,1.47320,2.1700,2.4200
30.01.2014 00:31:59.110,1.47518,1.47318,1.7100,1.5900
30.01.2014 00:32:00.588,1.47518,1.47318,1.6800,2.9300
30.01.2014 00:32:01.750,1.47520,1.47320,2.0100,2.8100
30.01.2014 00:32:03.195,1.47520,1.47320,1.4800,1.0400
30.01.2014 00:32:04.661,1.47521,1.47321,2.5600,1.5900
30.01.2014 00:32:06.032,1.47521,1.47321,2.4200,1.6400
30.01.2014 00:32:07.341,1.47522,1.47322,2.6600,1.0600
30.01.2014 00:32:08.779,1.47521,1.47321,1.4000,2.0200
30.01.2014 00:32:10.233,1.47523,1.47323,2.9700,2.9400
30.01.2014 00:32:11.611,1.47524,1.47324,2.4400,1.1300
30.01.2014 00:32:13.097,1.47524,1.47324,1.1800,1.9700
30.01.2014 00:32:14.416,1.47525,1.47325,1.7200,2.5200
30.01.2014 00:32:15.794,1.47525,1.47325,2.6500,1.3500
30.01.2014 00:32:17.320,1.47525,1.47325,1.5800,1.6700
30.01.2014 00:32:18.734,1.47524,1.47324,1.0200,2.7700
30.01.2014 00:32:20.132,1.47523,1.47323,2.7600,1.7000
30.01.2014 00:32:21.635,1.47524,1.47324,1.7000,2.1400
30.01.2014 00:32:23.092,1.47523,1.47323,1.6300,2.9300
30.01.2014 00:32:24.547,1.47526,1.47326,1.3600,1.9000
30.01.2014 00:32:25.821,1.47525,1.47325,1.6100,1.1200
30.01.2014 00:32:27.220,1.47523,1.47323,1.0800,2.1000
30.01.2014 00:32:28.545,1.47524,1.47324,2.7100,2.0100
30.01.2014 00:32:29.891,1.47526,1.47326,1.5300,1.6500
30.01.2014 00:32:31.242,1.47525,1.47325,2.2500,1.5000
30.01.2014 00:32:32.666,1.47526,1.47326,2.4900,2.1800
30.01.2014 00:32:34.000,1.47525,1.47325,1.4700,2.3200
30.01.2014 00:32:35.281,1.47526,1.47326,2.5100,1.3100
30.01.2014 00:32:36.695,1.47525,1.47325,2.6200,2.4700
30.01.2014 00:32:37.923,1.47525,1.47325,2.4700,1.8100
30.01.2014 00:32:39.312,1.47522,1.47322,2.1000,1.9600
30.01.2014 00:32:40.743,1.47525,1.47325,2.0500,2.4700
30.01.2014 00:32:42.162,1.47524,1.47324,2.2200,2.5500
30.01.2014 00:32:43.520,1.47523,1.47323,2.9100,1.4100
30.01.2014 00:32:44.828,1.47521,1.47321,1.1500,1.8800
30.01.2014 00:32:46.279,1.47520,1.47320,1.4700,2.5300
30.01.2014 00:32:47.789,1.47518,1.47318,1.0600,2.2000
30.01.2014 00:32:49.169,1.47516,1.47316,1.7500,2.4400
30.01.2014 00:32:50.584,1.47516,1.47316,1.8700,2.0200
30.01.2014 00:32:52.096,1.47517,1.47317,2.4300,2.3900
30.01.2014 00:32:53.519,1.47517,1.47317,2.1400,2.6500
30.01.2014 00:32:54.941,1.47516,1.47316,1.3900,2.4800
30.01.2014 00:32:56.379,1.47516,1.47316,2.0400,2.8100
30.01.2014 00:32:57.858,1.47516,1.47316,2.1200,2.1900
30.01.2014 00:32:59.139,1.47516,1.47316,1.1000,1.6800
30.01.2014 00:33:00.541,1.47514,1.47314,1.2000,1.4500
30.01.2014 00:33:01.935,1.47514,1.47314,2.6400,1.6900
30.01.2014 00:33:03.317,1.47516,1.47316,2.8300,1.7200
30.01.2014 00:33:04.491,1.47516,1.47316,2.8400,2.2000
30.01.2014 00:33:05.865,1.47519,1.47319,2.4400,2.2100
30.01.2014 00:33:07.324,1.47517,1.47317,2.7800,1.2400
30.01.2014 00:33:08.842,1.47517,1.47317,2.2500,1.3400
30.01.2014 00:33:10.338,1.47519,1.47319,2.7100,1.2000
30.01.2014 00:33:11.723,1.47519,1.47319,2.3700,1.8000
30.01.2014 00:33:13.143,1.47521,1.47321,2.6900,2.4800
30.01.2014 00:33:14.442,1.47522,1.47322,1.8500,1.1600
30.01.2014 00:33:15.977,1.47524,1.47324,2.8100,1.6000
30.01.2014 00:33:17.478,1.47521,1.47321,2.3000,2.3800
30.01.2014 00:33:18.838,1.47521,1.47321,1.6600,1.4400
30.01.2014 00:33:20.196,1.47520,1.47320,1.3400,2.0100
30.01.2014 00:33:21.463,1.47520,1.47320,1.0100,2.2900
30.01.2014 00:33:22.834,1.47522,1.47322,2.4900,1.9100
30.01.2014 00:33:24.305,1.47522,1.47322,1.3200,2.5600
30.01.2014 00:33:25.712,1.47520,1.47320,2.5000,1.9400
30.01.2014 00:33:27.175,1.47519,1.47319,1.9700,2.6100
30.01.2014 00:33:28.656,1.47517,1.47317,1.1600,1.8600
30.01.2014 00:33:30.013,1.47517,1.47317,1.0000,1.5300
30.01.2014 00:33:31.496,1.47515,1.47315,2.3200,1.7500
30.01.2014 00:33:33.024,1.47515,1.47315,1.7200,2.0200
30.01.2014 00:33:34.376,1.47516,1.47316,2.3800,2.5900
30.01.2014 00:33:35.769,1.47517,1.47317,2.4200,2.2200
30.01.2014 00:33:37.131,1.47518,1.47318,2.8400,1.5400
30.01.2014 00:33:38.689,1.47517,1.47317,1.0300,2.9000
30.01.2014 00:33:40.110,1.47517,1.47317,1.5900,2.8200
30.01.2014 00:33:41.611,1.47518,1.47318,2.8900,2.9100
30.01.2014 00:33:43.002,1.47519,1.47319,2.0600,2.9700
30.01.2014 00:33:44.381,1.47517,1.47317,1.4800,1.0800
30.01.2014 00:33:45.607,1.47519,1.47319,2.5200,1.1700
30.01.2014 00:33:46.883,1.47516,1.47316,1.5500,1.8200
30.01.2014 00:33:48.450,1.47519,1.47319,2.4000,2.9100
30.01.2014 00:33:49.982,1.47520,1.47320,1.8400,2.4900
30.01.2014 00:33:51.352,1.47521,1.47321,1.2900,1.6900
30.01.2014 00:33:52.822,1.47521,1.47321,1.2300,1.3000
30.01.2014 00:33:54.142,1.47521,1.47321,1.6800,1.0100
30.01.2014 00:33:55.444,1.47519,1.47319,2.5800,1.3500
30.01.2014 00:33:56.965,1.47517,1.47317,2.5500,1.7900
30.01.2014 00:33:58.524,1.47516,1.47316,1.7100,1.5300
30.01.2014 00:33:59.724,1.47515,1.47315,1.5300,1.7500
30.01.2014 00:34:01.228,1.47517,1.47317,1.2800,2.3000
30.01.2014 00:34:02.585,1.47520,1.47320,2.7500,1.3300
30.01.2014 00:34:03.938,1.47522,1.47322,1.2800,1.5600
30.01.2014 00:34:05.400,1.47521,1.47321,2.1900,2.2000
30.01.2014 00:34:06.655,1.47520,1.47320,2.5600,2.0200
30.01.2014 00:34:07.953,1.47520,1.47320,2.1200,2.3200
30.01.2014 00:34:09.328,1.47519,1.47319,1.8500,2.0800
30.01.2014 00:34:10.617,1.47522,1.47322,1.2300,2.8200
30.01.2014 00:34:12.013,1.47524,1.47324,1.8500,1.3500
30.01.2014 00:34:13.436,1.47523,1.47323,2.3000,2.7500
30.01.2014 00:34:14.734,1.47525,1.47325,1.4800,2.0200
30.01.2014 00:34:16.251,1.47525,1.47325,1.5800,1.2100
30.01.2014 00:34:17.603,1.47524,1.47324,1.7300,2.4300
30.01.2014 00:34:18.933,1.47526,1.47326,1.0100,2.5100
30.01.2014 00:34:20.320,1.47523,1.47323,2.4600,1.4300
30.01.2014 00:34:21.754,1.47522,1.47322,2.2000,2.6500
30.01.2014 00:34:23.113,1.47525,1.47325,1.4300,1.0800
30.01.2014 00:34:24.471,1.47523,1.47323,1.3400,1.8700
30.01.2014 00:34:25.891,1.47524,1.47324,2.6500,2.4600
30.01.2014 00:34:27.344,1.47524,1.47324,2.7900,1.2200
30.01.2014 00:34:28.949,1.47523,1.47323,1.7900,1.3400
30.01.2014 00:34:30.415,1.47523,1.47323,1.1000,2.2300
30.01.2014 00:34:31.675,1.47521,1.47321,1.6200,1.9800
30.01.2014 00:34:33.137,1.47522,1.47322,1.1700,1.4900
30.01.2014 00:34:34.513,1.47523,1.47323,2.0900,1.3400
30.01.2014 00:34:36.031,1.47522,1.47322,2.8200,2.0000
30.01.2014 00:34:37.373,1.47522,1.47322,2.7400,1.7700
30.01.2014 00:34:38.640,1.47522,1.47322,2.0500,1.1200
30.01.2014 00:34:40.071,1.47522,1.47322,2.9900,1.9200
30.01.2014 00:34:41.276,1.47520,1.47320,1.2600,1.3300
30.01.2014 00:34:42.652,1.47520,1.47320,1.2900,2.9800
30.01.2014 00:34:44.018,1.47519,1.47319,1.9500,2.8100
30.01.2014 00:34:45.366,1.47521,1.47321,1.4100,1.7700
30.01.2014 00:34:46.712,1.47518,1.47318,1.1100,1.1500
30.01.2014 00:34:48.251,1.47518,1.47318,2.5300,1.0700
30.01.2014 00:34:49.409,1.47520,1.47320,2.0900,1.3300
30.01.2014 00:34:50.787,1.47521,1.47321,2.0500,2.0600
30.01.2014 00:34:52.216,1.47521,1.47321,1.4600,2.2100
30.01.2014 00:34:53.684,1.47524,1.47324,1.1600,1.1600
30.01.2014 00:34:54.957,1.47526,1.47326,2.6000,1.2700
30.01.2014 00:34:56.570,1.47526,1.47326,2.8700,1.3600
30.01.2014 00:34:57.962,1.47529,1.47329,1.5800,2.6100
30.01.2014 00:34:59.231,1.47531,1.47331,2.0100,2.7900
30.01.2014 00:35:00.641,1.47528,1.47328,2.9800,1.1500
30.01.2014 00:35:01.991,1.47526,1.47326,1.7200,1.1300
30.01.2014 00:35:03.434,1.47527,1.47327,1.5000,1.3900
30.01.2014 00:35:04.759,1.47529,1.47329,2.7800,1.3000
30.01.2014 00:35:06.348,1.47529,1.47329,2.9500,1.1400
30.01.2014 00:35:07.572,1.47530,1.47330,2.7000,2.8200
30.01.2014 00:35:08.986,1.47529,1.47329,1.0900,2.0700
30.01.2014 00:35:10.446,1.47529,1.47329,1.3400,2.3400
30.01.2014 00:35:11.684,1.47527,1.47327,1.7500,2.6900
30.01.2014 00:35:13.172,1.47523,1.47323,1.3600,2.8600
30.01.2014 00:35:14.640,1.47525,1.47325,1.1000,1.1000
30.01.2014 00:35:16.118,1.47523,1.47323,2.1000,2.2600
30.01.2014 00:35:17.462,1.47525,1.47325,2.0300,1.6600
30.01.2014 00:35:18.775,1.47527,1.47327,1.0200,2.0300
30.01.2014 00:35:20.107,1.47527,1.47327,2.9200,2.5900
30.01.2014 00:35:21.464,1.47528,1.47328,1.1600,2.1100
30.01.2014 00:35:22.971,1.47528,1.47328,1.4500,2.3600
30.01.2014 00:35:24.342,1.47525,1.47325,1.0300,1.7700
30.01.2014 00:35:25.546,1.47524,1.47324,2.5000,2.7300
30.01.2014 00:35:27.000,1.47525,1.47325,2.4400,2.0200
30.01.2014 00:35:28.401,1.47522,1.47322,2.2100,1.0400
30.01.2014 00:35:29.715,1.47524,1.47324,1.2200,1.2100
30.01.2014 00:35:31.167,1.47521,1.47321,2.3000,2.0700
30.01.2014 00:35:32.644,1.47524,1.47324,2.9100,1.5700
30.01.2014 00:35:33.914,1.47526,1.47326,2.2800,2.8700
30.01.2014 00:35:35.360,1.47528,1.47328,1.4100,2.4600
30.01.2014 00:35:36.798,1.47527,1.47327,1.4100,2.8500
30.01.2014 00:35:38.434,1.47527,1.47327,1.2300,1.5000
30.01.2014 00:35:39.894,1.47527,1.47327,2.1700,2.3200
30.01.2014 00:35:41.296,1.47526,1.47326,1.1700,1.4900
30.01.2014 00:35:42.767,1.47527,1.47327,2.7700,1.5700
30.01.2014 00:35:44.163,1.47528,1.47328,2.3300,2.4200
30.01.2014 00:35:45.560,1.47529,1.47329,1.7700,2.4900
30.01.2014 00:35:47.089,1.47528,1.47328,2.6500,2.4000
30.01.2014 00:35:48.543,1.47531,1.47331,2.3300,1.4600
30.01.2014 00:35:49.938,1.47531,1.47331,1.1600,2.2000
30.01.2014 00:35:51.208,1.47529,1.47329,1.1000,2.6100
30.01.2014 00:35:52.576,1.47530,1.47330,1.8200,1.9600
30.01.2014 00:35:53.984,1.47530,1.47330,1.2400,1.4500
30.01.2014 00:35:55.378,1.47528,1.47328,2.0000,1.2200
30.01.2014 00:35:56.731,1.47527,1.47327,1.3300,2.8600
30.01.2014 00:35:58.154,1.47528,1.47328,2.6400,2.6300
30.01.2014 00:35:59.548,1.47528,1.47328,2.5300,2.7000
30.01.2014 00:36:01.035,1.47527,1.47327,2.4400,1.4800
30.01.2014 00:36:02.289,1.47526,1.47326,1.0200,1.1300
30.01.2014 00:36:03.587,1.47528,1.47328,2.3000,2.6700
30.01.2014 00:36:04.926,1.47526,1.47326,1.6500,1.0300
30.01.2014 00:36:06.340,1.47526,1.47326,2.2000,1.9400
30.01.2014 00:36:07.708,1.47529,1.47329,2.4100,2.7000
30.01.2014 00:36:09.057,1.47532,1.47332,2.3200,1.1900
30.01.2014 00:36:10.528,1.47534,1.47334,1.8800,1.9600
30.01.2014 00:36:11.995,1.47535,1.47335,2.9000,2.1000
30.01.2014 00:36:13.390,1.47533,1.47333,2.7900,2.8400
30.01.2014 00:36:14.859,1.47534,1.47334,2.5100,1.8000
30.01.2014 00:36:16.214,1.47532,1.47332,2.9400,2.9600
30.01.2014 00:36:17.643,1.47533,1.47333,2.9100,1.8300
30.01.2014 00:36:19.045,1.47535,1.47335,2.3100,2.1700
30.01.2014 00:36:20.545,1.47537,1.47337,2.5300,2.2800
30.01.2014 00:36:21.837,1.47537,1.47337,1.2800,1.6900
30.01.2014 00:36:23.263,1.47537,1.47337,2.4000,1.3100
30.01.2014 00:36:24.646,1.47538,1.47338,2.2200,2.6800
30.01.2014 00:36:25.952,1.47538,1.47338,2.1700,1.8800
30.01.2014 00:36:27.114,1.47540,1.47340,1.5800,2.1000
30.01.2014 00:36:28.564,1.47539,1.47339,1.1400,2.4400
30.01.2014 00:36:30.129,1.47538,1.47338,2.7800,2.6200
30.01.2014 00:36:31.608,1.47538,1.47338,1.2500,1.2200
30.01.2014 00:36:33.051,1.47537,1.47337,1.4100,2.3300
30.01.2014 00:36:34.395,1.47540,1.47340,1.6000,2.2600
30.01.2014 00:36:35.776,1.47544,1.47344,1.4900,1.3400
30.01.2014 00:36:37.295,1.47541,1.47341,1.1300,2.2000
30.01.2014 00:36:38.827,1.47541,1.47341,1.1200,2.3500
30.01.2014 00:36:40.231,1.47540,1.47340,2.1400,1.9300
30.01.2014 00:36:41.762,1.47541,1.47341,2.7000,1.5700
30.01.2014 00:36:43.055,1.47544,1.47344,1.7200,2.7400
30.01.2014 00:36:44.451,1.47543,1.47343,2.9700,1.9800
30.01.2014 00:36:45.829,1.47544,1.47344,1.7300,1.1500
30.01.2014 00:36:47.170,1.47544,1.47344,2.3400,1.7500
30.01.2014 00:36:48.437,1.47541,1.47341,1.2800,2.1500
30.01.2014 00:36:49.855,1.47542,1.47342,1.3600,2.3200
30.01.2014 00:36:51.148,1.47544,1.47344,2.3000,2.0300
30.01.2014 00:36:52.551,1.47544,1.47344,1.2300,1.6800
30.01.2014 00:36:54.022,1.47547,1.47347,1.4200,2.0100
30.01.2014 00:36:55.474,1.47546,1.47346,1.3900,2.0600
30.01.2014 00:36:56.951,1.47549,1.47349,1.5700,1.3600
30.01.2014 00:36:58.297,1.47551,1.47351,1.4800,1.4700
30.01.2014 00:36:59.742,1.47551,1.47351,2.0700,2.0200
30.01.2014 00:37:01.200,1.47553,1.47353,2.5200,1.4000
30.01.2014 00:37:02.535,1.47554,1.47354,2.6500,2.7500
30.01.2014 00:37:04.011,1.47557,1.47357,2.6300,1.2600
30.01.2014 00:37:05.377,1.47556,1.47356,1.1000,2.3800
30.01.2014 00:37:06.829,1.47555,1.47355,2.4200,2.6800
30.01.2014 00:37:08.266,1.47553,1.47353,2.2300,2.1400
30.01.2014 00:37:09.587,1.47553,1.47353,2.9300,2.9200
30.01.2014 00:37:11.010,1.47554,1.47354,1.5500,2.3900
30.01.2014 00:37:12.353,1.47555,1.47355,1.2700,1.6100
30.01.2014 00:37:13.821,1.47557,1.47357,1.1800,2.8300
30.01.2014 00:37:15.175,1.47557,1.47357,1.1900,2.9800
30.01.2014 00:37:16.388,1.47558,1.47358,2.1300,1.0200
30.01.2014 00:37:17.858,1.47560,1.47360,1.5400,2.2900
30.01.2014 00:37:19.258,1.47559,1.47359,1.5100,1.3300
30.01.2014 00:37:20.689,1.47561,1.47361,1.1500,1.1300
30.01.2014 00:37:21.867,1.47562,1.47362,2.3400,1.3800
30.01.2014 00:37:23.230,1.47563,1.47363,1.7900,2.1400
30.01.2014 00:37:24.715,1.47563,1.47363,3.0000,2.7700
30.01.2014 00:37:26.142,1.47563,1.47363,2.9500,1.8000
30.01.2014 00:37:27.607,1.47564,1.47364,1.3500,2.5100
30.01.2014 00:37:28.941,1.47563,1.47363,1.4200,1.1800
30.01.2014 00:37:30.345,1.47564,1.47364,1.3200,1.5500
30.01.2014 00:37:31.673,1.47565,1.47365,1.1000,2.9400
30.01.2014 00:37:33.107,1.47563,1.47363,1.6200,1.3900
30.01.2014 00:37:34.573,1.47562,1.47362,2.3400,1.5300
30.01.2014 00:37:36.005,1.47562,1.47362,1.9600,1.8700
30.01.2014 00:37:37.446,1.47563,1.47363,2.6200,2.7900
30.01.2014 00:37:38.868,1.47563,1.47363,1.3400,2.7000
30.01.2014 00:37:40.423,1.47561,1.47361,2.5700,1.1000
30.01.2014 00:37:41.868,1.47561,1.47361,2.7200,1.0400
30.01.2014 00:37:43.303,1.47559,1.47359,2.7600,1.0700
30.01.2014 00:37:44.772,1.47561,1.47361,1.1400,1.1900
30.01.2014 00:37:46.187,1.47562,1.47362,2.1200,1.5800
30.01.2014 00:37:47.540,1.47566,1.47366,1.4500,2.5900
30.01.2014 00:37:49.177,1.47566,1.47366,2.2400,2.0800
30.01.2014 00:37:50.643,1.47567,1.47367,1.8200,2.6900
30.01.2014 00:37:52.084,1.47564,1.47364,2.7600,1.8000
30.01.2014 00:37:53.571,1.47563,1.47363,1.9800,2.5700
30.01.2014 00:37:54.826,1.47561,1.47361,2.1500,2.1100
30.01.2014 00:37:56.124,1.47563,1.47363,2.9100,1.4600
30.01.2014 00:37:57.464,1.47562,1.47362,1.6000,2.1800
30.01.2014 00:37:58.910,1.47565,1.47365,2.6500,2.0800
30.01.2014 00:38:00.271,1.47566,1.47366,1.9400,2.1100
30.01.2014 00:38:01.645,1.47565,1.47365,2.2500,2.0800
30.01.2014 00:38:02.967,1.47564,1.47364,2.2600,2.0700
30.01.2014 00:38:04.306,1.47562,1.47362,2.2800,1.5900
30.01.2014 00:38:05.749,1.47565,1.47365,1.2100,2.0700
30.01.2014 00:38:07.286,1.47566,1.47366,2.1000,1.7200
30.01.2014 00:38:08.841,1.47565,1.47365,1.6000,2.4200
30.01.2014 00:38:10.079,1.47568,1.47368,2.5500,1.8100
30.01.2014 00:38:11.515,1.47566,1.47366,2.2400,1.0500
30.01.2014 00:38:12.910,1.47565,1.47365,2.1100,1.8500
30.01.2014 00:38:14.219,1.47565,1.47365,1.9100,1.2700
30.01.2014 00:38:15.654,1.47563,1.47363,1.6800,1.6600
30.01.2014 00:38:17.042,1.47563,1.47363,2.8100,2.0300
30.01.2014 00:38:18.327,1.47564,1.47364,1.7600,2.3600
30.01.2014 00:38:19.742,1.47566,1.47366,1.3900,2.5500
30.01.2014 00:38:21.115,1.47568,1.47368,2.8700,2.1800
30.01.2014 00:38:22.375,1.47567,1.47367,2.7200,2.6000
30.01.2014 00:38:23.698,1.47568,1.47368,2.2300,1.1400
30.01.2014 00:38:24.996,1.47567,1.47367,1.4700,1.6100
30.01.2014 00:38:26.309,1.47565,1.47365,2.7700,1.4400
30.01.2014 00:38:27.756,1.47566,1.47366,1.6500,1.4000
30.01.2014 00:38:29.082,1.47565,1.47365,1.5300,1.4200
30.01.2014 00:38:30.447,1.47565,1.47365,2.6700,1.9000
30.01.2014 00:38:31.668,1.47563,1.47363,2.6500,2.0600
30.01.2014 00:38:33.113,1.47563,1.47363,1.8400,1.0200
30.01.2014 00:38:34.582,1.47563,1.47363,1.1300,2.7400
30.01.2014 00:38:36.066,1.47568,1.47368,2.7000,2.6600
30.01.2014 00:38:37.478,1.47568,1.47368,2.2200,2.2100
30.01.2014 00:38:38.821,1.47568,1.47368,2.8300,2.6500
30.01.2014 00:38:40.415,1.47567,1.47367,1.6900,1.8400
30.01.2014 00:38:41.808,1.47564,1.47364,2.5700,2.6700
30.01.2014 00:38:43.248,1.47566,1.47366,1.5800,1.8100
30.01.2014 00:38:44.692,1.47565,1.47365,2.5200,2.8400
30.01.2014 00:38:46.173,1.47567,1.47367,1.6400,2.0700
30.01.2014 00:38:47.468,1.47567,1.47367,1.9000,1.1700
30.01.2014 00:38:48.775,1.47566,1.47366,2.3600,2.5000
30.01.2014 00:38:50.103,1.47567,1.47367,1.4400,2.4900
30.01.2014 00:38:51.420,1.47566,1.47366,2.2700,1.0400
30.01.2014 00:38:52.953,1.47565,1.47365,2.2000,2.7900
30.01.2014 00:38:54.521,1.47563,1.47363,1.5300,2.1600
30.01.2014 00:38:55.945,1.47560,1.47360,2.5900,2.9300
30.01.2014 00:38:57.337,1.47560,1.47360,2.3400,1.6900
30.01.2014 00:38:58.665,1.47561,1.47361,2.4900,1.3700
30.01.2014 00:38:59.976,1.47561,1.47361,2.7000,1.5100
30.01.2014 00:39:01.410,1.47562,1.47362,1.5100,1.6600
30.01.2014 00:39:02.677,1.47562,1.47362,1.2700,2.8800
30.01.2014 00:39:04.018,1.47565,1.47365,2.2400,1.9300
30.01.2014 00:39:05.465,1.47564,1.47364,2.3000,2.4400
30.01.2014 00:39:06.748,1.47564,1.47364,2.5600,1.3400
30.01.2014 00:39:08.088,1.47565,1.47365,1.5700,2.8000
30.01.2014 00:39:09.537,1.47565,1.47365,2.1900,1.0800
30.01.2014 00:39:11.112,1.47564,1.47364,1.5000,2.7000
30.01.2014 00:39:12.543,1.47562,1.47362,2.0000,2.7500
30.01.2014 00:39:13.941,1.47565,1.47365,1.0900,2.2000
30.01.2014 00:39:15.320,1.47567,1.47367,2.7500,1.6700
30.01.2014 00:39:16.776,1.47567,1.47367,1.5600,2.7700
30.01.2014 00:39:18.388,1.47567,1.47367,2.8100,1.1900
30.01.2014 00:39:19.880,1.47566,1.47366,2.1800,2.1700
30.01.2014 00:39:21.304,1.47567,1.47367,1.3900,1.8100
30.01.2014 00:39:22.764,1.47567,1.47367,2.0300,1.0400
30.01.2014 00:39:24.252,1.47568,1.47368,2.3300,1.0300
30.01.2014 00:39:25.789,1.47566,1.47366,1.5300,2.0500
30.01.2014 00:39:27.005,1.47566,1.47366,2.0000,1.4500
30.01.2014 00:39:28.366,1.47566,1.47366,2.5800,2.7700
30.01.2014 00:39:29.821,1.47564,1.47364,1.6600,1.0100
30.01.2014 00:39:31.236,1.47563,1.47363,1.2800,1.4600
30.01.2014 00:39:32.768,1.47564,1.47364,1.2000,1.8600
30.01.2014 00:39:33.940,1.47564,1.47364,2.2200,2.6400
30.01.2014 00:39:35.394,1.47564,1.47364,1.7100,1.6500
30.01.2014 00:39:36.843,1.47567,1.47367,2.1100,1.6100
30.01.2014 00:39:38.305,1.47569,1.47369,1.4100,2.7100
30.01.2014 00:39:39.799,1.47569,1.47369,1.7600,1.4400
30.01.2014 00:39:41.142,1.47569,1.47369,1.3800,1.6800
30.01.2014 00:39:42.774,1.47569,1.47369,2.1400,2.4000
30.01.2014 00:39:44.056,1.47569,1.47369,2.8900,1.8400
30.01.2014 00:39:45.235,1.47571,1.47371,1.2200,2.3600
30.01.2014 00:39:46.589,1.47573,1.47373,2.4500,1.9500
30.01.2014 00:39:48.008,1.47571,1.47371,2.2400,2.5400
30.01.2014 00:39:49.477,1.47571,1.47371,2.4600,1.6100
30.01.2014 00:39:50.679,1.47573,1.47373,1.8800,2.6200
30.01.2014 00:39:52.078,1.47573,1.47373,2.7100,2.9500
30.01.2014 00:39:53.667,1.47574,1.47374,2.5600,1.0900
30.01.2014 00:39:55.059,1.47575,1.47375,1.3700,1.7600
30.01.2014 00:39:56.536,1.47574,1.47374,1.9300,2.0400
30.01.2014 00:39:58.044,1.47575,1.47375,1.3300,1.6300
30.01.2014 00:39:59.454,1.47572,1.47372,2.7700,2.6200
30.01.2014 00:40:00.826,1.47574,1.47374,2.7300,1.2000
30.01.2014 00:40:02.243,1.47572,1.47372,1.8800,1.6500
30.01.2014 00:40:03.544,1.47572,1.47372,1.3700,2.1800
30.01.2014 00:40:04.992,1.47571,1.47371,1.2600,2.4800
30.01.2014 00:40:06.397,1.47573,1.47373,2.7000,2.9100
30.01.2014 00:40:07.731,1.47571,1.47371,1.1400,2.6900
30.01.2014 00:40:09.084,1.47573,1.47373,1.8000,2.6000
30.01.2014 00:40:10.465,1.47571,1.47371,2.0700,1.7600
30.01.2014 00:40:12.000,1.47572,1.47372,1.4500,2.4200
30.01.2014 00:40:13.331,1.47572,1.47372,1.5700,1.9300
30.01.2014 00:40:14.583,1.47573,1.47373,1.9500,2.4400
30.01.2014 00:40:16.064,1.47575,1.47375,1.7800,2.1900
30.01.2014 00:40:17.517,1.47572,1.47372,3.0000,2.7300
30.01.2014 00:40:18.927,1.47572,1.47372,1.5600,1.7600
30.01.2014 00:40:20.193,1.47571,1.47371,2.2200,1.7700
30.01.2014 00:40:21.511,1.47571,1.47371,2.1700,1.1100
30.01.2014 00:40:22.891,1.47570,1.47370,1.8200,2.7200
30.01.2014 00:40:24.162,1.47569,1.47369,1.5200,2.0600
30.01.2014 00:40:25.486,1.47567,1.47367,2.6800,1.5500
30.01.2014 00:40:27.037,1.47564,1.47364,1.1800,2.1200
30.01.2014 00:40:28.382,1.47565,1.47365,2.6400,2.8400
30.01.2014 00:40:29.701,1.47562,1.47362,1.3100,2.4200
30.01.2014 00:40:31.089,1.47560,1.47360,1.7700,2.0800
30.01.2014 00:40:32.357,1.47559,1.47359,1.6600,1.7800
30.01.2014 00:40:33.679,1.47560,1.47360,2.5200,1.3700
30.01.2014 00:40:35.171,1.47564,1.47364,1.6800,2.6400
30.01.2014 00:40:36.378,1.47567,1.47367,1.4300,1.8900
30.01.2014 00:40:37.764,1.47566,1.47366,1.5900,2.5000
30.01.2014 00:40:39.251,1.47566,1.47366,1.5900,2.0700
30.01.2014 00:40:40.717,1.47565,1.47365,2.7500,1.2800
30.01.2014 00:40:42.130,1.47566,1.47366,2.2700,1.7600
30.01.2014 00:40:43.536,1.47566,1.47366,1.2200,1.6300
30.01.2014 00:40:44.932,1.47568,1.47368,2.8900,1.5000
30.01.2014 00:40:46.258,1.47568,1.47368,1.0000,1.4500
30.01.2014 00:40:47.631,1.47570,1.47370,1.7400,1.6000
30.01.2014 00:40:48.923,1.47571,1.47371,2.5000,1.7300
30.01.2014 00:40:50.228,1.47570,1.47370,1.9400,1.5000
30.01.2014 00:40:51.716,1.47572,1.47372,2.8800,1.0300
30.01.2014 00:40:53.020,1.47570,1.47370,1.4300,2.5200
30.01.2014 00:40:54.460,1.47573,1.47373,2.3500,1.1400
30.01.2014 00:40:55.678,1.47569,1.47369,2.8700,1.1800
30.01.2014 00:40:57.008,1.47568,1.47368,2.5800,2.6500
30.01.2014 00:40:58.319,1.47568,1.47368,2.7600,2.8700
30.01.2014 00:40:59.720,1.47566,1.47366,2.6100,2.8000
30.01.2014 00:41:00.980,1.47566,1.47366,1.6700,2.0500
30.01.2014 00:41:02.302,1.47567,1.47367,1.2900,2.2400
30.01.2014 00:41:03.668,1.47567,1.47367,1.0200,1.1000
30.01.2014 00:41:05.043,1.47563,1.47363,1.7100,2.7600
30.01.2014 00:41:06.569,1.47562,1.47362,2.9200,1.9200
30.01.2014 00:41:07.825,1.47564,1.47364,1.0200,1.0200
30.01.2014 00:41:09.431,1.47566,1.47366,2.7400,2.2600
30.01.2014 00:41:10.847,1.47564,1.47364,2.3000,2.5300
30.01.2014 00:41:12.062,1.47564,1.47364,2.7000,2.3600
30.01.2014 00:41:13.433,1.47563,1.47363,2.6500,1.0200
30.01.2014 00:41:14.673,1.47563,1.47363,2.7500,2.7400
30.01.2014 00:41:16.150,1.47564,1.47364,2.8700,1.6800
30.01.2014 00:41:17.603,1.47566,1.47366,1.3300,2.2500
30.01.2014 00:41:18.771,1.47565,1.47365,1.2400,1.5600
30.01.2014 00:41:20.444,1.47565,1.47365,2.7600,2.3900
30.01.2014 00:41:21.753,1.47566,1.47366,1.0900,1.7100
30.01.2014 00:41:22.842,1.47568,1.47368,1.8300,2.8000
30.01.2014 00:41:24.345,1.47570,1.47370,2.1800,1.1200
30.01.2014 00:41:25.712,1.47570,1.47370,1.2900,2.2600
30.01.2014 00:41:27.152,1.47570,1.47370,1.1100,2.0400
30.01.2014 00:41:28.436,1.47568,1.47368,2.1600,2.7600
30.01.2014 00:41:29.777,1.47568,1.47368,1.1900,1.2900
30.01.2014 00:41:31.104,1.47568,1.47368,1.7900,2.9800
30.01.2014 00:41:32.532,1.47569,1.47369,1.3800,1.1000
30.01.2014 00:41:33.881,1.47571,1.47371,1.2200,1.1600
30.01.2014 00:41:35.187,1.47568,1.47368,2.0400,2.6800
30.01.2014 00:41:36.552,1.47569,1.47369,1.1800,1.9700
30.01.2014 00:41:37.940,1.47571,1.47371,1.6000,1.6400
30.01.2014 00:41:39.213,1.47573,1.47373,1.5300,1.4800
30.01.2014 00:41:40.544,1.47573,1.47373,1.2200,1.6800
30.01.2014 00:41:42.071,1.47575,1.47375,2.9400,2.0700
30.01.2014 00:41:43.471,1.47571,1.47371,2.8200,2.4100
30.01.2014 00:41:44.902,1.47572,1.47372,1.3900,2.0500
30.01.2014 00:41:46.259,1.47569,1.47369,2.0100,2.6000
30.01.2014 00:41:47.686,1.47569,1.47369,1.5300,2.6700
30.01.2014 00:41:48.887,1.47567,1.47367,1.7600,1.4200
30.01.2014 00:41:50.254,1.47564,1.47364,1.8300,2.7400
30.01.2014 00:41:51.654,1.47561,1.47361,1.4200,2.8000
30.01.2014 00:41:52.894,1.47562,1.47362,2.7900,1.0200
30.01.2014 00:41:54.320,1.47561,1.47361,2.1100,1.4700
30.01.2014 00:41:55.506,1.47560,1.47360,2.4700,1.5500
30.01.2014 00:41:56.810,1.47561,1.47361,1.5100,1.2600
30.01.2014 00:41:58.132,1.47560,1.47360,2.2000,1.2300
30.01.2014 00:41:59.451,1.47560,1.47360,2.0700,1.8100
30.01.2014 00:42:00.587,1.47560,1.47360,2.2600,2.9900
30.01.2014 00:42:01.895,1.47559,1.47359,1.5300,1.5800
30.01.2014 00:42:03.319,1.47560,1.47360,1.8900,2.6200
30.01.2014 00:42:04.705,1.47560,1.47360,1.8400,2.0200
30.01.2014 00:42:05.980,1.47558,1.47358,2.3600,2.5300
30.01.2014 00:42:07.379,1.47558,1.47358,1.2300,2.2700
30.01.2014 00:42:08.652,1.47559,1.47359,2.8300,1.2800
30.01.2014 00:42:10.004,1.47559,1.47359,1.2900,1.8600
30.01.2014 00:42:11.330,1.47559,1.47359,2.0300,2.3500
30.01.2014 00:42:12.889,1.47561,1.47361,1.9100,2.1900
30.01.2014 00:42:14.523,1.47558,1.47358,1.9900,1.6500
30.01.2014 00:42:15.847,1.47559,1.47359,1.5200,1.1400
30.01.2014 00:42:17.106,1.47559,1.47359,1.0200,1.6300
30.01.2014 00:42:18.570,1.47559,1.47359,2.7300,2.0300
30.01.2014 00:42:20.003,1.47557,1.47357,2.8500,2.9200
30.01.2014 00:42:21.323,1.47555,1.47355,2.9100,1.9000
30.01.2014 00:42:22.742,1.47556,1.47356,2.2800,2.4600
30.01.2014 00:42:24.183,1.47555,1.47355,2.8600,1.7400
30.01.2014 00:42:25.495,1.47554,1.47354,2.7400,2.3100
30.01.2014 00:42:26.974,1.47555,1.47355,2.0900,2.6100
30.01.2014 00:42:28.421,1.47556,1.47356,2.3600,2.8300
30.01.2014 00:42:29.876,1.47555,1.47355,2.1700,2.1000
30.01.2014 00:42:31.336,1.47556,1.47356,1.3800,1.3300
30.01.2014 00:42:32.692,1.47555,1.47355,2.1900,1.5200
30.01.2014 00:42:34.195,1.47556,1.47356,1.8300,2.3500
30.01.2014 00:42:35.474,1.47552,1.47352,1.4000,2.6400
30.01.2014 00:42:36.941,1.47551,1.47351,2.5600,1.0200
30.01.2014 00:42:38.282,1.47551,1.47351,1.4100,1.5100
30.01.2014 00:42:39.861,1.47552,1.47352,1.1000,1.6000
30.01.2014 00:42:41.348,1.47552,1.47352,1.0800,2.6500
30.01.2014 00:42:42.829,1.47552,1.47352,2.1500,1.8000
30.01.2014 00:42:44.342,1.47551,1.47351,2.5100,2.9600
30.01.2014 00:42:45.779,1.47553,1.47353,2.4100,2.1100
30.01.2014 00:42:47.035,1.47553,1.47353,1.4700,2.7400
30.01.2014 00:42:48.544,1.47553,1.47353,2.3700,2.6500
30.01.2014 00:42:50.036,1.47555,1.47355,2.4700,1.8600
30.01.2014 00:42:51.340,1.47555,1.47355,1.1700,1.7900
30.01.2014 00:42:52.868,1.47556,1.47356,2.2800,2.5400
30.01.2014 00:42:54.507,1.47559,1.47359,1.3700,1.7400
30.01.2014 00:42:55.902,1.47560,1.47360,2.7300,1.2000
30.01.2014 00:42:57.202,1.47560,1.47360,2.5500,1.4700
30.01.2014 00:42:58.561,1.47562,1.47362,2.5400,1.5800
30.01.2014 00:42:59.919,1.47563,1.47363,1.3200,1.4100
30.01.2014 00:43:01.338,1.47563,1.47363,1.6700,2.2500
30.01.2014 00:43:02.581,1.47562,1.47362,2.3400,2.8800
30.01.2014 00:43:04.063,1.47561,1.47361,2.2300,2.3900
30.01.2014 00:43:05.365,1.47561,1.47361,2.5500,1.8100
