Time,Ask,Bid,AskVolume,BidVolume
29.01.2014 00:00:01.885,1.47433,1.47233,1.2100,1.2100
29.01.2014 00:00:03.267,1.47434,1.47234,1.6700,2.5500
29.01.2014 00:00:04.522,1.47434,1.47234,1.7500,1.5000
29.01.2014 00:00:05.697,1.47433,1.47233,2.6300,1.4600
29.01.2014 00:00:07.185,1.47433,1.47233,1.3800,1.4900
29.01.2014 00:00:08.571,1.47434,1.47234,1.8500,2.5100
29.01.2014 00:00:10.009,1.47432,1.47232,1.0100,1.5500
29.01.2014 00:00:11.388,1.47435,1.47235,2.3800,1.9100
29.01.2014 00:00:12.794,1.47436,1.47236,1.0500,2.5700
29.01.2014 00:00:14.292,1.47439,1.47239,1.5600,2.5400
29.01.2014 00:00:15.630,1.47440,1.47240,1.9500,1.4600
29.01.2014 00:00:17.022,1.47441,1.47241,1.8800,1.8500
29.01.2014 00:00:18.310,1.47441,1.47241,1.2600,2.2000
29.01.2014 00:00:19.705,1.47439,1.47239,1.8600,1.4600
29.01.2014 00:00:21.093,1.47440,1.47240,1.3000,2.2400
29.01.2014 00:00:22.606,1.47439,1.47239,2.0800,1.2000
29.01.2014 00:00:24.035,1.47437,1.47237,2.7500,2.0400
29.01.2014 00:00:25.424,1.47438,1.47238,1.5000,2.7600
29.01.2014 00:00:26.921,1.47438,1.47238,1.6100,1.9800
29.01.2014 00:00:28.420,1.47436,1.47236,2.5000,1.3400
29.01.2014 00:00:29.844,1.47436,1.47236,2.1900,1.9300
29.01.2014 00:00:31.302,1.47436,1.47236,1.1500,2.9700
29.01.2014 00:00:32.747,1.47435,1.47235,1.5300,2.4500
29.01.2014 00:00:34.140,1.47433,1.47233,1.8500,2.1400
29.01.2014 00:00:35.563,1.47431,1.47231,2.7400,1.0800
29.01.2014 00:00:36.859,1.47432,1.47232,2.0200,1.0500
29.01.2014 00:00:38.337,1.47432,1.47232,2.7100,1.2900
29.01.2014 00:00:39.706,1.47431,1.47231,2.9300,2.6600
29.01.2014 00:00:41.140,1.47431,1.47231,2.8400,1.0500
29.01.2014 00:00:42.418,1.47429,1.47229,2.8400,1.3000
29.01.2014 00:00:43.771,1.47428,1.47228,1.9300,2.5600
29.01.2014 00:00:45.338,1.47423,1.47223,2.0100,1.5900
29.01.2014 00:00:46.733,1.47424,1.47224,1.9100,2.0200
29.01.2014 00:00:48.097,1.47424,1.47224,1.1700,2.9500
29.01.2014 00:00:49.294,1.47422,1.47222,1.5500,2.8500
29.01.2014 00:00:50.693,1.47422,1.47222,2.1000,1.8400
29.01.2014 00:00:52.026,1.47421,1.47221,1.5800,1.4900
29.01.2014 00:00:53.393,1.47423,1.47223,2.7600,1.4900
29.01.2014 00:00:54.846,1.47421,1.47221,1.1900,1.6100
29.01.2014 00:00:56.277,1.47419,1.47219,2.2300,1.6300
29.01.2014 00:00:57.753,1.47419,1.47219,1.1500,2.7600
29.01.2014 00:00:59.014,1.47418,1.47218,1.9400,1.0600
29.01.2014 00:01:00.395,1.47418,1.47218,1.3000,2.7900
29.01.2014 00:01:01.703,1.47417,1.47217,2.0300,2.9900
29.01.2014 00:01:03.078,1.47414,1.47214,2.3400,1.1100
29.01.2014 00:01:04.458,1.47413,1.47213,1.3000,2.5100
29.01.2014 00:01:05.716,1.47413,1.47213,1.3700,1.7100
29.01.2014 00:01:07.064,1.47412,1.47212,1.9000,2.3200
29.01.2014 00:01:08.622,1.47413,1.47213,2.7400,1.0800
29.01.2014 00:01:10.039,1.47412,1.47212,1.4700,2.3500
29.01.2014 00:01:11.414,1.47411,1.47211,2.5200,1.1800
29.01.2014 00:01:12.893,1.47412,1.47212,2.3800,1.0400
29.01.2014 00:01:14.315,1.47412,1.47212,2.7400,2.3700
29.01.2014 00:01:15.657,1.47410,1.47210,1.2200,2.5400
29.01.2014 00:01:17.007,1.47411,1.47211,2.8400,1.9300
29.01.2014 00:01:18.433,1.47411,1.47211,1.1300,2.1300
29.01.2014 00:01:19.821,1.47412,1.47212,1.6900,1.6100
29.01.2014 00:01:21.269,1.47413,1.47213,1.7800,2.0700
29.01.2014 00:01:22.617,1.47411,1.47211,1.2300,1.4800
29.01.2014 00:01:24.131,1.47413,1.47213,1.9200,1.3700
29.01.2014 00:01:25.584,1.47413,1.47213,1.3300,1.2900
29.01.2014 00:01:26.855,1.47413,1.47213,2.9600,2.5900
29.01.2014 00:01:28.327,1.47410,1.47210,1.8700,1.9400
29.01.2014 00:01:29.701,1.47408,1.47208,2.7400,1.8300
29.01.2014 00:01:31.169,1.47409,1.47209,1.3400,2.2700
29.01.2014 00:01:32.572,1.47409,1.47209,1.1700,2.4100
29.01.2014 00:01:34.053,1.47408,1.47208,1.1200,2.0600
29.01.2014 00:01:35.517,1.47408,1.47208,2.0600,1.7700
29.01.2014 00:01:36.849,1.47409,1.47209,2.2600,2.9900
29.01.2014 00:01:38.272,1.47412,1.47212,2.8500,2.9300
29.01.2014 00:01:39.924,1.47412,1.47212,1.6300,2.8200
29.01.2014 00:01:41.270,1.47408,1.47208,2.9100,1.9500
29.01.2014 00:01:42.656,1.47407,1.47207,2.4200,1.6000
29.01.2014 00:01:44.147,1.47407,1.47207,1.7300,1.9700
29.01.2014 00:01:45.497,1.47405,1.47205,2.0100,2.7100
29.01.2014 00:01:46.798,1.47403,1.47203,1.6600,1.7200
29.01.2014 00:01:48.282,1.47405,1.47205,2.7400,2.6600
29.01.2014 00:01:49.635,1.47404,1.47204,1.7600,1.4100
29.01.2014 00:01:51.089,1.47406,1.47206,1.3800,2.2700
29.01.2014 00:01:52.612,1.47410,1.47210,1.9500,2.3100
29.01.2014 00:01:53.909,1.47409,1.47209,2.8200,2.4800
29.01.2014 00:01:55.263,1.47406,1.47206,1.0500,1.3600
29.01.2014 00:01:56.601,1.47405,1.47205,2.4200,1.8400
29.01.2014 00:01:57.977,1.47406,1.47206,1.7400,1.8600
29.01.2014 00:01:59.330,1.47406,1.47206,1.4400,1.6900
29.01.2014 00:02:00.579,1.47407,1.47207,2.7300,1.1100
29.01.2014 00:02:02.020,1.47407,1.47207,1.2900,1.1500
29.01.2014 00:02:03.398,1.47407,1.47207,1.0800,2.2600
29.01.2014 00:02:04.644,1.47406,1.47206,2.2000,1.1900
29.01.2014 00:02:05.982,1.47409,1.47209,1.3900,3.0000
29.01.2014 00:02:07.395,1.47414,1.47214,2.5500,1.1500
29.01.2014 00:02:08.633,1.47414,1.47214,2.0600,2.6300
29.01.2014 00:02:10.136,1.47416,1.47216,1.9200,2.7800
29.01.2014 00:02:11.471,1.47416,1.47216,1.1600,1.3600
29.01.2014 00:02:12.971,1.47413,1.47213,1.7200,2.0400
29.01.2014 00:02:14.326,1.47410,1.47210,2.9800,1.4200
29.01.2014 00:02:15.661,1.47410,1.47210,2.6800,2.5200
29.01.2014 00:02:17.027,1.47412,1.47212,2.7600,1.7200
29.01.2014 00:02:18.459,1.47411,1.47211,2.0800,2.6600
29.01.2014 00:02:20.075,1.47410,1.47210,2.9600,2.8600
29.01.2014 00:02:21.494,1.47410,1.47210,1.7200,1.5200
29.01.2014 00:02:22.936,1.47410,1.47210,1.1000,1.0300
29.01.2014 00:02:24.322,1.47409,1.47209,1.7500,2.8400
29.01.2014 00:02:25.731,1.47410,1.47210,2.2300,1.6900
29.01.2014 00:02:27.152,1.47409,1.47209,1.5000,2.2100
29.01.2014 00:02:28.428,1.47409,1.47209,2.9000,2.6300
29.01.2014 00:02:29.967,1.47410,1.47210,2.0200,1.9200
29.01.2014 00:02:31.202,1.47412,1.47212,2.8800,1.8000
29.01.2014 00:02:32.585,1.47412,1.47212,1.1500,1.9200
29.01.2014 00:02:34.138,1.47412,1.47212,2.1200,2.0400
29.01.2014 00:02:35.582,1.47412,1.47212,1.5700,1.7100
29.01.2014 00:02:36.960,1.47413,1.47213,1.4800,1.6700
29.01.2014 00:02:38.490,1.47414,1.47214,1.5200,2.5800
29.01.2014 00:02:39.740,1.47412,1.47212,2.7900,2.6000
29.01.2014 00:02:41.154,1.47410,1.47210,1.0600,2.3200
29.01.2014 00:02:42.329,1.47409,1.47209,1.6000,2.0600
29.01.2014 00:02:43.809,1.47414,1.47214,1.5500,1.1100
29.01.2014 00:02:44.979,1.47411,1.47211,2.0800,1.1100
29.01.2014 00:02:46.323,1.47408,1.47208,2.5300,1.3700
29.01.2014 00:02:47.747,1.47411,1.47211,1.8300,2.8200
29.01.2014 00:02:49.258,1.47411,1.47211,1.5500,1.9600
29.01.2014 00:02:50.783,1.47411,1.47211,2.4400,1.0900
29.01.2014 00:02:52.322,1.47410,1.47210,1.9100,1.5900
29.01.2014 00:02:53.746,1.47409,1.47209,2.3400,2.5900
29.01.2014 00:02:55.191,1.47407,1.47207,1.4500,2.7100
29.01.2014 00:02:56.633,1.47410,1.47210,2.7100,1.1200
29.01.2014 00:02:57.923,1.47410,1.47210,2.0200,2.7200
29.01.2014 00:02:59.245,1.47412,1.47212,2.4600,1.5900
29.01.2014 00:03:00.601,1.47412,1.47212,2.8200,1.6700
29.01.2014 00:03:01.986,1.47412,1.47212,2.3100,2.3400
29.01.2014 00:03:03.312,1.47413,1.47213,1.3200,2.7200
29.01.2014 00:03:04.597,1.47413,1.47213,1.9700,2.3500
29.01.2014 00:03:06.005,1.47415,1.47215,2.8300,2.0100
29.01.2014 00:03:07.083,1.47415,1.47215,2.3700,2.7400
29.01.2014 00:03:08.506,1.47415,1.47215,2.0300,1.1000
29.01.2014 00:03:09.832,1.47416,1.47216,2.9400,1.8100
29.01.2014 00:03:11.232,1.47419,1.47219,1.9800,1.4300
29.01.2014 00:03:12.542,1.47419,1.47219,2.9600,2.8300
29.01.2014 00:03:13.929,1.47420,1.47220,1.8700,2.1400
29.01.2014 00:03:15.288,1.47421,1.47221,2.5900,1.5000
29.01.2014 00:03:16.707,1.47421,1.47221,1.2800,1.3900
29.01.2014 00:03:18.166,1.47420,1.47220,2.3300,1.5600
29.01.2014 00:03:19.501,1.47422,1.47222,1.7000,1.8100
29.01.2014 00:03:21.003,1.47421,1.47221,2.2600,1.3200
29.01.2014 00:03:22.374,1.47419,1.47219,1.4300,1.7000
29.01.2014 00:03:23.891,1.47423,1.47223,2.4300,2.5900
29.01.2014 00:03:25.373,1.47422,1.47222,2.6500,1.2400
29.01.2014 00:03:26.795,1.47422,1.47222,1.3600,1.3600
29.01.2014 00:03:28.144,1.47422,1.47222,1.3700,2.7400
29.01.2014 00:03:29.720,1.47421,1.47221,2.3800,2.9900
29.01.2014 00:03:30.910,1.47422,1.47222,1.8400,1.8900
29.01.2014 00:03:32.220,1.47423,1.47223,1.0700,2.8000
29.01.2014 00:03:33.656,1.47422,1.47222,1.1400,2.4700
29.01.2014 00:03:35.097,1.47421,1.47221,2.7600,2.3600
29.01.2014 00:03:36.471,1.47420,1.47220,1.3300,1.4600
29.01.2014 00:03:37.788,1.47421,1.47221,2.2500,1.6900
29.01.2014 00:03:39.146,1.47420,1.47220,2.6500,1.4600
29.01.2014 00:03:40.598,1.47418,1.47218,1.6900,2.8500
29.01.2014 00:03:41.836,1.47416,1.47216,2.7300,1.9800
29.01.2014 00:03:43.252,1.47415,1.47215,2.9400,2.6300
29.01.2014 00:03:44.505,1.47417,1.47217,2.3100,1.9800
29.01.2014 00:03:45.880,1.47415,1.47215,1.5300,2.7000
29.01.2014 00:03:47.274,1.47414,1.47214,2.2800,2.1100
29.01.2014 00:03:48.706,1.47412,1.47212,1.1100,1.4400
29.01.2014 00:03:50.086,1.47412,1.47212,1.8300,1.5400
29.01.2014 00:03:51.526,1.47413,1.47213,2.2800,1.0800
29.01.2014 00:03:53.108,1.47412,1.47212,1.9300,2.7700
29.01.2014 00:03:54.507,1.47412,1.47212,2.3700,2.9900
29.01.2014 00:03:55.873,1.47410,1.47210,1.3500,1.0900
29.01.2014 00:03:57.182,1.47409,1.47209,1.3400,1.4100
29.01.2014 00:03:58.547,1.47411,1.47211,1.5000,2.1500
29.01.2014 00:04:00.031,1.47412,1.47212,1.7700,2.4700
29.01.2014 00:04:01.362,1.47411,1.47211,1.2300,2.4200
29.01.2014 00:04:02.683,1.47410,1.47210,1.7400,2.8000
29.01.2014 00:04:04.225,1.47411,1.47211,2.8100,2.0300
29.01.2014 00:04:05.592,1.47414,1.47214,2.5400,2.9000
29.01.2014 00:04:06.939,1.47413,1.47213,1.5000,2.2500
29.01.2014 00:04:08.304,1.47414,1.47214,1.4400,1.9500
29.01.2014 00:04:09.685,1.47414,1.47214,1.9700,1.7500
29.01.2014 00:04:10.992,1.47415,1.47215,2.8700,1.4800
29.01.2014 00:04:12.361,1.47414,1.47214,1.2800,2.2300
29.01.2014 00:04:13.874,1.47416,1.47216,2.0400,2.7100
29.01.2014 00:04:15.118,1.47416,1.47216,1.3800,2.9400
29.01.2014 00:04:16.537,1.47415,1.47215,2.6600,1.4600
29.01.2014 00:04:18.017,1.47415,1.47215,1.7000,1.1200
29.01.2014 00:04:19.483,1.47418,1.47218,2.0400,1.7500
29.01.2014 00:04:20.969,1.47417,1.47217,1.8500,2.1300
29.01.2014 00:04:22.442,1.47416,1.47216,1.0200,2.6700
29.01.2014 00:04:23.692,1.47418,1.47218,1.6800,1.7200
29.01.2014 00:04:24.983,1.47417,1.47217,1.5300,2.7800
29.01.2014 00:04:26.408,1.47420,1.47220,2.2400,2.1900
29.01.2014 00:04:27.882,1.47423,1.47223,2.2200,1.2500
29.01.2014 00:04:29.093,1.47425,1.47225,1.8200,2.6800
29.01.2014 00:04:30.516,1.47423,1.47223,2.3500,2.3000
29.01.2014 00:04:32.121,1.47421,1.47221,1.7700,1.8100
29.01.2014 00:04:33.536,1.47421,1.47221,1.0500,2.4600
29.01.2014 00:04:34.902,1.47419,1.47219,2.8500,2.0700
29.01.2014 00:04:36.195,1.47420,1.47220,1.4000,1.8300
29.01.2014 00:04:37.580,1.47421,1.47221,1.8800,2.3300
29.01.2014 00:04:38.962,1.47419,1.47219,2.7400,1.5800
29.01.2014 00:04:40.535,1.47419,1.47219,3.0000,1.5700
29.01.2014 00:04:41.979,1.47419,1.47219,2.6400,2.0100
29.01.2014 00:04:43.336,1.47420,1.47220,1.1500,1.0000
29.01.2014 00:04:44.745,1.47422,1.47222,2.9000,1.5300
29.01.2014 00:04:46.071,1.47420,1.47220,2.0600,2.0200
29.01.2014 00:04:47.435,1.47418,1.47218,1.5500,3.0000
29.01.2014 00:04:48.937,1.47417,1.47217,2.1000,1.4400
29.01.2014 00:04:50.485,1.47420,1.47220,1.3300,1.0200
29.01.2014 00:04:51.737,1.47420,1.47220,2.7100,1.9200
29.01.2014 00:04:53.076,1.47420,1.47220,2.8000,1.0800
29.01.2014 00:04:54.372,1.47419,1.47219,2.8900,2.9400
29.01.2014 00:04:55.899,1.47419,1.47219,1.4600,1.4400
29.01.2014 00:04:57.296,1.47419,1.47219,1.5900,1.1600
29.01.2014 00:04:58.598,1.47419,1.47219,2.0800,2.9700
29.01.2014 00:04:59.930,1.47418,1.47218,1.0900,1.6900
29.01.2014 00:05:01.353,1.47419,1.47219,2.2600,1.2300
29.01.2014 00:05:02.680,1.47417,1.47217,2.4700,1.1800
29.01.2014 00:05:04.245,1.47416,1.47216,2.0500,1.6000
29.01.2014 00:05:05.689,1.47416,1.47216,2.1700,1.4200
29.01.2014 00:05:06.970,1.47416,1.47216,2.9100,1.6500
29.01.2014 00:05:08.449,1.47415,1.47215,1.5500,1.9600
29.01.2014 00:05:09.909,1.47414,1.47214,1.8600,2.8900
29.01.2014 00:05:11.421,1.47413,1.47213,2.8000,1.3500
29.01.2014 00:05:12.855,1.47412,1.47212,1.7900,2.4100
29.01.2014 00:05:14.260,1.47410,1.47210,1.2200,1.1700
29.01.2014 00:05:15.835,1.47410,1.47210,1.6100,2.5000
29.01.2014 00:05:17.293,1.47410,1.47210,2.0800,2.8500
29.01.2014 00:05:18.880,1.47413,1.47213,2.4700,1.3000
29.01.2014 00:05:20.227,1.47413,1.47213,2.8400,2.5500
29.01.2014 00:05:21.758,1.47411,1.47211,2.7600,2.0400
29.01.2014 00:05:23.000,1.47412,1.47212,1.7200,1.8000
29.01.2014 00:05:24.421,1.47410,1.47210,1.1800,2.3100
29.01.2014 00:05:25.812,1.47410,1.47210,1.1000,1.8100
29.01.2014 00:05:27.106,1.47411,1.47211,2.4800,2.4600
29.01.2014 00:05:28.577,1.47411,1.47211,1.1000,2.7000
29.01.2014 00:05:29.760,1.47409,1.47209,2.7900,1.3400
29.01.2014 00:05:31.109,1.47410,1.47210,2.6700,2.3400
29.01.2014 00:05:32.509,1.47409,1.47209,1.3400,1.0200
29.01.2014 00:05:33.773,1.47408,1.47208,2.3900,1.2800
29.01.2014 00:05:35.114,1.47410,1.47210,2.7900,2.4100
29.01.2014 00:05:36.474,1.47411,1.47211,2.3600,1.2200
29.01.2014 00:05:37.873,1.47409,1.47209,2.0300,1.6500
29.01.2014 00:05:39.305,1.47405,1.47205,1.0100,1.3400
29.01.2014 00:05:40.805,1.47405,1.47205,1.4100,1.5100
29.01.2014 00:05:42.228,1.47406,1.47206,2.7400,1.0800
29.01.2014 00:05:43.427,1.47407,1.47207,2.7900,1.8000
29.01.2014 00:05:44.948,1.47409,1.47209,2.5400,2.7200
29.01.2014 00:05:46.335,1.47411,1.47211,1.9900,2.8200
29.01.2014 00:05:47.617,1.47411,1.47211,1.7800,1.3600
29.01.2014 00:05:49.150,1.47413,1.47213,1.4200,2.7900
29.01.2014 00:05:50.513,1.47411,1.47211,1.6600,2.2600
29.01.2014 00:05:51.800,1.47411,1.47211,1.3700,1.3400
29.01.2014 00:05:53.043,1.47409,1.47209,2.8200,2.2000
29.01.2014 00:05:54.342,1.47409,1.47209,1.3000,2.3400
29.01.2014 00:05:55.925,1.47405,1.47205,1.6000,1.0000
29.01.2014 00:05:57.391,1.47405,1.47205,1.5400,1.9300
29.01.2014 00:05:58.921,1.47404,1.47204,1.5500,2.9100
29.01.2014 00:06:00.380,1.47405,1.47205,1.5200,2.6700
29.01.2014 00:06:01.768,1.47402,1.47202,1.3800,2.7700
29.01.2014 00:06:03.255,1.47401,1.47201,1.8400,2.4800
29.01.2014 00:06:04.722,1.47402,1.47202,2.0200,2.6400
29.01.2014 00:06:05.981,1.47402,1.47202,2.2500,1.8700
29.01.2014 00:06:07.409,1.47399,1.47199,2.6400,1.3400
29.01.2014 00:06:08.812,1.47401,1.47201,1.2400,2.3000
29.01.2014 00:06:10.091,1.47401,1.47201,2.1000,2.3300
29.01.2014 00:06:11.318,1.47401,1.47201,2.8100,1.7200
29.01.2014 00:06:12.767,1.47400,1.47200,1.9800,2.9300
29.01.2014 00:06:14.206,1.47402,1.47202,2.7800,1.9400
29.01.2014 00:06:15.553,1.47402,1.47202,2.0600,2.6500
29.01.2014 00:06:16.867,1.47401,1.47201,2.7600,1.7000
29.01.2014 00:06:18.235,1.47402,1.47202,1.1300,1.7300
29.01.2014 00:06:19.713,1.47401,1.47201,2.0100,1.3800
29.01.2014 00:06:20.987,1.47402,1.47202,1.8400,1.2500
29.01.2014 00:06:22.456,1.47399,1.47199,1.3100,1.3100
29.01.2014 00:06:23.929,1.47398,1.47198,2.3500,2.0100
29.01.2014 00:06:25.493,1.47399,1.47199,1.8800,1.7000
29.01.2014 00:06:26.953,1.47399,1.47199,2.2100,1.3700
29.01.2014 00:06:28.332,1.47396,1.47196,2.2700,2.5400
29.01.2014 00:06:29.805,1.47397,1.47197,1.0400,1.8400
29.01.2014 00:06:31.244,1.47397,1.47197,2.6100,1.8000
29.01.2014 00:06:32.685,1.47398,1.47198,2.2000,2.6600
29.01.2014 00:06:34.196,1.47393,1.47193,2.1500,1.5200
29.01.2014 00:06:35.441,1.47394,1.47194,1.5100,2.5200
29.01.2014 00:06:36.944,1.47396,1.47196,1.8800,1.0500
29.01.2014 00:06:38.351,1.47395,1.47195,2.2300,1.8200
29.01.2014 00:06:39.705,1.47395,1.47195,2.5600,2.9200
29.01.2014 00:06:41.103,1.47393,1.47193,1.7500,2.1200
29.01.2014 00:06:42.538,1.47393,1.47193,1.0900,2.5900
29.01.2014 00:06:44.036,1.47389,1.47189,2.4700,1.6600
29.01.2014 00:06:45.598,1.47391,1.47191,1.6700,1.5700
29.01.2014 00:06:47.130,1.47391,1.47191,2.1500,2.0700
29.01.2014 00:06:48.477,1.47389,1.47189,2.9100,2.8500
29.01.2014 00:06:49.822,1.47389,1.47189,2.2900,1.2800
29.01.2014 00:06:51.302,1.47387,1.47187,1.4900,1.8500
29.01.2014 00:06:52.687,1.47386,1.47186,1.1700,2.6400
29.01.2014 00:06:54.139,1.47387,1.47187,2.0900,2.3400
29.01.2014 00:06:55.485,1.47386,1.47186,2.1400,1.4900
29.01.2014 00:06:56.881,1.47386,1.47186,1.2700,2.8600
29.01.2014 00:06:58.232,1.47384,1.47184,2.8400,2.4700
29.01.2014 00:06:59.663,1.47385,1.47185,1.8100,1.6600
29.01.2014 00:07:01.092,1.47384,1.47184,2.0500,2.1900
29.01.2014 00:07:02.430,1.47384,1.47184,2.4300,2.1500
29.01.2014 00:07:03.908,1.47385,1.47185,2.7900,1.3000
29.01.2014 00:07:05.395,1.47383,1.47183,1.6600,1.8400
29.01.2014 00:07:06.847,1.47383,1.47183,1.1000,2.4100
29.01.2014 00:07:08.319,1.47385,1.47185,2.6900,2.0200
29.01.2014 00:07:09.868,1.47386,1.47186,1.8200,1.3300
29.01.2014 00:07:11.444,1.47387,1.47187,2.1400,2.7100
29.01.2014 00:07:12.791,1.47389,1.47189,2.5300,1.8000
29.01.2014 00:07:14.308,1.47390,1.47190,1.6700,2.0800
29.01.2014 00:07:15.892,1.47390,1.47190,2.5400,2.5400
29.01.2014 00:07:17.344,1.47389,1.47189,1.6300,2.8600
29.01.2014 00:07:18.575,1.47388,1.47188,2.2100,2.7700
29.01.2014 00:07:19.865,1.47387,1.47187,2.4700,2.6800
29.01.2014 00:07:21.210,1.47388,1.47188,2.2200,2.7300
29.01.2014 00:07:22.574,1.47388,1.47188,1.8900,1.1000
29.01.2014 00:07:23.909,1.47387,1.47187,1.7300,2.2100
29.01.2014 00:07:25.335,1.47384,1.47184,2.4500,1.9800
29.01.2014 00:07:26.749,1.47384,1.47184,1.1700,2.3600
29.01.2014 00:07:28.373,1.47381,1.47181,2.1400,2.9700
29.01.2014 00:07:29.636,1.47381,1.47181,2.5400,1.2600
29.01.2014 00:07:31.003,1.47382,1.47182,1.8600,2.7400
29.01.2014 00:07:32.504,1.47381,1.47181,2.8200,1.4600
29.01.2014 00:07:33.966,1.47382,1.47182,2.4000,1.3900
29.01.2014 00:07:35.339,1.47383,1.47183,2.9800,2.7400
29.01.2014 00:07:36.744,1.47383,1.47183,2.2900,2.5200
29.01.2014 00:07:38.102,1.47381,1.47181,1.5500,2.5000
29.01.2014 00:07:39.682,1.47381,1.47181,2.7900,1.0900
29.01.2014 00:07:41.162,1.47380,1.47180,2.0500,1.9800
29.01.2014 00:07:42.735,1.47379,1.47179,1.8100,2.6300
29.01.2014 00:07:44.155,1.47381,1.47181,2.7800,2.4800
29.01.2014 00:07:45.562,1.47382,1.47182,1.5600,2.8300
29.01.2014 00:07:46.972,1.47384,1.47184,2.2700,1.8800
29.01.2014 00:07:48.454,1.47382,1.47182,1.2200,1.5000
29.01.2014 00:07:49.867,1.47382,1.47182,1.8100,1.3700
29.01.2014 00:07:51.251,1.47382,1.47182,1.4600,2.1000
29.01.2014 00:07:52.567,1.47382,1.47182,2.8900,2.3000
29.01.2014 00:07:53.895,1.47382,1.47182,1.5400,2.7600
29.01.2014 00:07:55.329,1.47380,1.47180,1.2700,2.0400
29.01.2014 00:07:56.804,1.47379,1.47179,1.6100,1.4300
29.01.2014 00:07:58.181,1.47379,1.47179,2.1300,2.1200
29.01.2014 00:07:59.624,1.47378,1.47178,2.0400,1.8400
29.01.2014 00:08:01.061,1.47378,1.47178,1.6700,2.8100
29.01.2014 00:08:02.659,1.47377,1.47177,2.3500,2.0000
29.01.2014 00:08:04.075,1.47377,1.47177,1.1500,1.5700
29.01.2014 00:08:05.380,1.47376,1.47176,1.1100,2.9800
29.01.2014 00:08:06.697,1.47375,1.47175,2.3900,1.6100
29.01.2014 00:08:08.134,1.47375,1.47175,2.3300,1.8000
29.01.2014 00:08:09.538,1.47377,1.47177,2.7500,2.4800
29.01.2014 00:08:10.890,1.47380,1.47180,2.9000,1.8000
29.01.2014 00:08:12.310,1.47381,1.47181,2.5600,2.1700
29.01.2014 00:08:13.751,1.47381,1.47181,1.6300,1.3600
29.01.2014 00:08:15.218,1.47379,1.47179,2.2900,1.1600
29.01.2014 00:08:16.442,1.47382,1.47182,1.3800,1.9400
29.01.2014 00:08:18.024,1.47384,1.47184,2.0300,2.1200
29.01.2014 00:08:19.369,1.47384,1.47184,2.8500,1.4200
29.01.2014 00:08:20.958,1.47383,1.47183,2.4100,1.8700
29.01.2014 00:08:22.432,1.47387,1.47187,2.9000,2.5300
29.01.2014 00:08:23.603,1.47387,1.47187,2.7800,2.0200
29.01.2014 00:08:24.887,1.47388,1.47188,2.5800,1.2900
29.01.2014 00:08:26.367,1.47389,1.47189,1.9900,1.4900
29.01.2014 00:08:27.733,1.47388,1.47188,2.1600,2.4400
29.01.2014 00:08:29.089,1.47389,1.47189,1.2900,1.3000
29.01.2014 00:08:30.583,1.47390,1.47190,2.5200,1.5700
29.01.2014 00:08:32.075,1.47390,1.47190,1.1200,2.5000
29.01.2014 00:08:33.288,1.47390,1.47190,1.7400,2.3800
29.01.2014 00:08:34.733,1.47388,1.47188,1.6200,2.5300
29.01.2014 00:08:36.257,1.47389,1.47189,1.7900,1.8400
29.01.2014 00:08:37.642,1.47390,1.47190,1.8700,1.6100
29.01.2014 00:08:38.864,1.47388,1.47188,1.2000,1.3100
29.01.2014 00:08:40.261,1.47387,1.47187,1.7400,1.7000
29.01.2014 00:08:41.661,1.47386,1.47186,2.4800,2.0200
29.01.2014 00:08:43.079,1.47386,1.47186,2.1100,1.0900
29.01.2014 00:08:44.511,1.47387,1.47187,1.3700,1.4400
29.01.2014 00:08:45.770,1.47385,1.47185,2.9700,2.2400
29.01.2014 00:08:47.277,1.47386,1.47186,1.0600,1.2200
29.01.2014 00:08:48.752,1.47386,1.47186,2.0100,2.4800
29.01.2014 00:08:50.063,1.47383,1.47183,1.1200,1.7100
29.01.2014 00:08:51.412,1.47383,1.47183,2.7400,1.3500
29.01.2014 00:08:52.773,1.47382,1.47182,2.0900,1.9900
29.01.2014 00:08:54.288,1.47379,1.47179,1.6500,2.9200
29.01.2014 00:08:55.769,1.47377,1.47177,1.2600,2.4000
29.01.2014 00:08:57.155,1.47378,1.47178,1.6900,1.2000
29.01.2014 00:08:58.583,1.47379,1.47179,2.7800,2.5200
29.01.2014 00:08:59.989,1.47378,1.47178,2.7600,2.0300
29.01.2014 00:09:01.344,1.47378,1.47178,2.9500,1.9900
29.01.2014 00:09:02.662,1.47377,1.47177,2.1000,1.9100
29.01.2014 00:09:04.139,1.47377,1.47177,2.2400,1.5600
29.01.2014 00:09:05.691,1.47376,1.47176,2.5200,1.5500
29.01.2014 00:09:07.081,1.47376,1.47176,1.5000,1.8200
29.01.2014 00:09:08.568,1.47378,1.47178,2.8800,1.3600
29.01.2014 00:09:10.165,1.47378,1.47178,1.9000,2.3500
29.01.2014 00:09:11.723,1.47378,1.47178,2.1400,1.7400
29.01.2014 00:09:13.284,1.47381,1.47181,1.5900,2.3300
29.01.2014 00:09:14.909,1.47380,1.47180,2.7400,1.1100
29.01.2014 00:09:16.338,1.47379,1.47179,1.1700,2.4900
29.01.2014 00:09:17.833,1.47381,1.47181,2.5900,2.2300
29.01.2014 00:09:19.281,1.47382,1.47182,2.5400,1.2300
29.01.2014 00:09:20.611,1.47384,1.47184,1.5500,1.0700
29.01.2014 00:09:22.054,1.47385,1.47185,1.8100,1.0700
29.01.2014 00:09:23.549,1.47386,1.47186,2.9500,1.6900
29.01.2014 00:09:24.880,1.47386,1.47186,2.3700,1.3600
29.01.2014 00:09:26.119,1.47386,1.47186,2.5500,2.3200
29.01.2014 00:09:27.497,1.47386,1.47186,1.7400,2.0800
29.01.2014 00:09:28.778,1.47385,1.47185,2.3700,1.4200
29.01.2014 00:09:30.083,1.47387,1.47187,2.4400,2.1100
29.01.2014 00:09:31.449,1.47386,1.47186,1.5100,2.3100
29.01.2014 00:09:32.976,1.47388,1.47188,1.3800,1.4600
29.01.2014 00:09:34.248,1.47388,1.47188,2.7500,1.9000
29.01.2014 00:09:35.548,1.47389,1.47189,2.6000,1.5700
29.01.2014 00:09:36.901,1.47389,1.47189,1.4400,2.6200
29.01.2014 00:09:38.128,1.47387,1.47187,1.7000,1.2300
29.01.2014 00:09:39.489,1.47384,1.47184,2.7100,1.7500
29.01.2014 00:09:40.778,1.47382,1.47182,2.3300,2.1800
29.01.2014 00:09:42.143,1.47382,1.47182,1.2200,1.2000
29.01.2014 00:09:43.476,1.47385,1.47185,1.9900,2.8200
29.01.2014 00:09:44.870,1.47385,1.47185,2.3800,2.5000
29.01.2014 00:09:46.290,1.47384,1.47184,1.8400,2.7600
29.01.2014 00:09:47.706,1.47383,1.47183,1.4300,2.6100
29.01.2014 00:09:49.015,1.47382,1.47182,2.9600,2.5400
29.01.2014 00:09:50.449,1.47381,1.47181,1.6300,2.1600
29.01.2014 00:09:52.085,1.47378,1.47178,2.6700,2.6500
29.01.2014 00:09:53.524,1.47376,1.47176,1.7300,2.7900
29.01.2014 00:09:54.978,1.47378,1.47178,2.2400,1.7400
29.01.2014 00:09:56.173,1.47378,1.47178,1.8300,1.3200
29.01.2014 00:09:57.582,1.47380,1.47180,1.4800,2.6600
29.01.2014 00:09:59.060,1.47382,1.47182,2.1800,1.9500
29.01.2014 00:10:00.198,1.47385,1.47185,1.1900,1.5800
29.01.2014 00:10:01.593,1.47386,1.47186,2.1500,1.3500
29.01.2014 00:10:02.883,1.47386,1.47186,1.2600,1.0200
29.01.2014 00:10:04.447,1.47387,1.47187,1.0300,2.8200
29.01.2014 00:10:05.894,1.47390,1.47190,2.8000,1.5300
29.01.2014 00:10:07.242,1.47391,1.47191,2.4300,2.4400
29.01.2014 00:10:08.671,1.47389,1.47189,2.5200,1.7500
29.01.2014 00:10:10.158,1.47390,1.47190,2.0400,1.8200
29.01.2014 00:10:11.788,1.47391,1.47191,1.8600,1.9600
29.01.2014 00:10:13.279,1.47387,1.47187,2.3100,1.8100
29.01.2014 00:10:14.857,1.47385,1.47185,2.8900,1.3500
29.01.2014 00:10:16.305,1.47385,1.47185,1.1100,1.0200
29.01.2014 00:10:17.518,1.47386,1.47186,2.3300,2.8400
29.01.2014 00:10:19.019,1.47387,1.47187,2.0700,1.2300
29.01.2014 00:10:20.652,1.47390,1.47190,2.0500,1.2800
29.01.2014 00:10:22.006,1.47392,1.47192,2.7500,1.9300
29.01.2014 00:10:23.296,1.47393,1.47193,1.6100,1.8300
29.01.2014 00:10:24.653,1.47392,1.47192,2.8500,2.0200
29.01.2014 00:10:26.105,1.47394,1.47194,2.1600,2.8100
29.01.2014 00:10:27.318,1.47393,1.47193,2.8100,2.1900
29.01.2014 00:10:28.699,1.47393,1.47193,2.9100,2.9100
29.01.2014 00:10:30.098,1.47391,1.47191,1.1000,1.9100
29.01.2014 00:10:31.673,1.47391,1.47191,2.2100,2.9100
29.01.2014 00:10:33.060,1.47390,1.47190,2.0000,1.4700
29.01.2014 00:10:34.398,1.47391,1.47191,2.1700,2.4400
29.01.2014 00:10:35.769,1.47389,1.47189,2.8000,2.5700
29.01.2014 00:10:37.181,1.47389,1.47189,1.0800,2.7500
29.01.2014 00:10:38.562,1.47389,1.47189,1.0700,2.6600
29.01.2014 00:10:39.973,1.47388,1.47188,2.2400,2.7500
29.01.2014 00:10:41.339,1.47386,1.47186,2.5000,2.8100
29.01.2014 00:10:42.847,1.47383,1.47183,1.7700,2.8200
29.01.2014 00:10:44.243,1.47382,1.47182,1.4400,2.0900
29.01.2014 00:10:45.606,1.47382,1.47182,2.1900,1.4400
29.01.2014 00:10:47.003,1.47381,1.47181,2.9200,1.2000
29.01.2014 00:10:48.309,1.47380,1.47180,1.2200,2.9900
29.01.2014 00:10:49.636,1.47380,1.47180,1.4400,1.3400
29.01.2014 00:10:51.063,1.47380,1.47180,1.3900,2.1700
29.01.2014 00:10:52.471,1.47381,1.47181,2.6500,2.6300
29.01.2014 00:10:53.718,1.47381,1.47181,1.5300,1.5100
29.01.2014 00:10:55.143,1.47379,1.47179,1.7500,1.4700
29.01.2014 00:10:56.620,1.47382,1.47182,1.3600,2.2700
29.01.2014 00:10:58.017,1.47385,1.47185,1.5100,1.1000
29.01.2014 00:10:59.356,1.47385,1.47185,2.9500,1.1600
29.01.2014 00:11:00.752,1.47385,1.47185,1.6600,1.5200
29.01.2014 00:11:02.061,1.47385,1.47185,2.9200,1.4900
29.01.2014 00:11:03.472,1.47387,1.47187,2.9700,1.8800
29.01.2014 00:11:04.778,1.47389,1.47189,2.4700,2.8900
29.01.2014 00:11:06.311,1.47393,1.47193,2.0400,2.9500
29.01.2014 00:11:07.728,1.47393,1.47193,1.9900,2.2100
29.01.2014 00:11:09.060,1.47393,1.47193,2.4900,1.7600
29.01.2014 00:11:10.473,1.47392,1.47192,1.9000,2.8500
29.01.2014 00:11:11.987,1.47393,1.47193,1.4500,1.4900
29.01.2014 00:11:13.529,1.47394,1.47194,1.7000,1.5200
29.01.2014 00:11:14.845,1.47394,1.47194,1.2900,1.6500
29.01.2014 00:11:16.194,1.47394,1.47194,2.8600,2.9900
29.01.2014 00:11:17.741,1.47393,1.47193,3.0000,2.6100
29.01.2014 00:11:19.198,1.47395,1.47195,2.9200,1.4800
29.01.2014 00:11:20.501,1.47396,1.47196,2.8100,2.2200
29.01.2014 00:11:21.903,1.47396,1.47196,1.6700,1.3300
29.01.2014 00:11:23.250,1.47396,1.47196,2.6900,1.4000
29.01.2014 00:11:24.758,1.47394,1.47194,2.8100,2.0700
29.01.2014 00:11:26.033,1.47390,1.47190,2.0200,1.0800
29.01.2014 00:11:27.401,1.47390,1.47190,1.7300,1.9300
29.01.2014 00:11:28.668,1.47389,1.47189,1.2100,1.8800
29.01.2014 00:11:30.093,1.47390,1.47190,1.4300,1.7400
29.01.2014 00:11:31.385,1.47390,1.47190,2.0300,1.6700
29.01.2014 00:11:32.729,1.47392,1.47192,1.6400,1.7800
29.01.2014 00:11:34.277,1.47394,1.47194,1.3200,2.7500
29.01.2014 00:11:35.752,1.47393,1.47193,2.5400,1.5000
29.01.2014 00:11:37.157,1.47391,1.47191,1.3200,1.8700
29.01.2014 00:11:38.589,1.47394,1.47194,2.2100,1.8800
29.01.2014 00:11:40.125,1.47393,1.47193,2.2900,2.6700
29.01.2014 00:11:41.421,1.47392,1.47192,1.4700,2.9000
29.01.2014 00:11:42.867,1.47389,1.47189,1.4300,1.2800
29.01.2014 00:11:44.231,1.47391,1.47191,1.7100,1.1400
29.01.2014 00:11:45.749,1.47391,1.47191,1.1600,2.1000
29.01.2014 00:11:47.176,1.47390,1.47190,2.0400,1.6400
29.01.2014 00:11:48.824,1.47389,1.47189,1.7600,2.8400
29.01.2014 00:11:50.276,1.47391,1.47191,1.0300,2.1300
29.01.2014 00:11:51.600,1.47392,1.47192,1.4600,2.3500
29.01.2014 00:11:52.969,1.47394,1.47194,1.9900,1.3400
29.01.2014 00:11:54.435,1.47393,1.47193,2.8200,2.8400
29.01.2014 00:11:55.867,1.47394,1.47194,2.5200,1.0100
29.01.2014 00:11:57.363,1.47392,1.47192,2.7600,1.1200
29.01.2014 00:11:59.094,1.47392,1.47192,1.9100,2.0300
29.01.2014 00:12:00.366,1.47390,1.47190,1.0900,2.6900
29.01.2014 00:12:01.733,1.47391,1.47191,2.4100,2.4300
29.01.2014 00:12:03.143,1.47392,1.47192,1.7400,1.6700
29.01.2014 00:12:04.709,1.47391,1.47191,2.5700,2.9000
29.01.2014 00:12:06.169,1.47389,1.47189,1.2400,2.8100
29.01.2014 00:12:07.441,1.47389,1.47189,1.3700,1.0500
29.01.2014 00:12:08.790,1.47393,1.47193,2.8000,1.7300
29.01.2014 00:12:10.123,1.47393,1.47193,1.8000,2.7900
29.01.2014 00:12:11.547,1.47392,1.47192,1.1300,1.3000
29.01.2014 00:12:13.075,1.47391,1.47191,1.3300,1.6700
29.01.2014 00:12:14.473,1.47391,1.47191,2.2300,1.5100
29.01.2014 00:12:15.916,1.47389,1.47189,1.9300,1.7700
29.01.2014 00:12:17.351,1.47390,1.47190,1.1200,1.0500
29.01.2014 00:12:18.774,1.47390,1.47190,1.4700,2.2400
29.01.2014 00:12:20.249,1.47390,1.47190,2.4000,2.2000
29.01.2014 00:12:21.669,1.47387,1.47187,2.1100,2.3800
29.01.2014 00:12:22.775,1.47387,1.47187,2.4600,2.9300
29.01.2014 00:12:24.072,1.47387,1.47187,2.0200,2.4900
29.01.2014 00:12:25.427,1.47388,1.47188,2.1400,2.3600
29.01.2014 00:12:26.726,1.47388,1.47188,2.0900,2.5200
29.01.2014 00:12:28.106,1.47387,1.47187,1.3000,2.6500
29.01.2014 00:12:29.509,1.47388,1.47188,2.7000,1.8800
29.01.2014 00:12:30.896,1.47388,1.47188,2.8800,2.6400
29.01.2014 00:12:32.192,1.47391,1.47191,1.6400,2.4500
29.01.2014 00:12:33.616,1.47394,1.47194,2.9200,2.0600
29.01.2014 00:12:34.720,1.47394,1.47194,1.0900,1.8100
29.01.2014 00:12:36.094,1.47393,1.47193,1.8100,1.9500
29.01.2014 00:12:37.437,1.47394,1.47194,2.0500,2.6400
29.01.2014 00:12:38.923,1.47392,1.47192,2.4800,2.6700
29.01.2014 00:12:40.430,1.47389,1.47189,2.3100,1.3800
29.01.2014 00:12:41.676,1.47390,1.47190,1.3400,2.9200
29.01.2014 00:12:43.249,1.47389,1.47189,2.7600,2.0300
29.01.2014 00:12:44.734,1.47390,1.47190,1.3700,2.6600
29.01.2014 00:12:46.134,1.47389,1.47189,2.1900,2.7400
29.01.2014 00:12:47.525,1.47388,1.47188,2.0700,2.5700
29.01.2014 00:12:48.799,1.47387,1.47187,2.5200,1.6700
29.01.2014 00:12:50.301,1.47386,1.47186,1.5200,1.1100
29.01.2014 00:12:51.549,1.47384,1.47184,2.2300,2.8600
29.01.2014 00:12:53.013,1.47382,1.47182,1.2700,1.6800
29.01.2014 00:12:54.396,1.47384,1.47184,1.7400,1.3800
29.01.2014 00:12:55.786,1.47382,1.47182,2.3600,1.5200
29.01.2014 00:12:57.031,1.47382,1.47182,2.7000,1.5000
29.01.2014 00:12:58.374,1.47380,1.47180,2.8800,2.0700
29.01.2014 00:12:59.972,1.47377,1.47177,1.2600,2.2700
29.01.2014 00:13:01.427,1.47376,1.47176,2.8500,2.4200
29.01.2014 00:13:02.848,1.47375,1.47175,2.5000,1.6400
29.01.2014 00:13:04.387,1.47379,1.47179,2.8500,2.4700
29.01.2014 00:13:05.945,1.47378,1.47178,1.4800,1.3700
29.01.2014 00:13:07.346,1.47376,1.47176,1.3700,1.8300
29.01.2014 00:13:08.622,1.47377,1.47177,2.6000,1.2600
29.01.2014 00:13:09.965,1.47378,1.47178,2.4600,2.1700
29.01.2014 00:13:11.457,1.47382,1.47182,2.8100,2.9600
29.01.2014 00:13:12.954,1.47382,1.47182,1.6700,2.2000
29.01.2014 00:13:14.456,1.47380,1.47180,1.8800,2.4200
29.01.2014 00:13:15.736,1.47381,1.47181,1.9800,2.2500
29.01.2014 00:13:16.926,1.47381,1.47181,2.0100,2.6700
29.01.2014 00:13:18.477,1.47382,1.47182,1.1100,1.8000
29.01.2014 00:13:19.980,1.47382,1.47182,1.4400,2.1200
29.01.2014 00:13:21.404,1.47384,1.47184,2.9000,1.5500
29.01.2014 00:13:22.708,1.47385,1.47185,2.3100,1.0800
29.01.2014 00:13:24.251,1.47384,1.47184,2.5400,1.7600
29.01.2014 00:13:25.713,1.47384,1.47184,2.3900,1.0100
29.01.2014 00:13:27.101,1.47382,1.47182,1.3200,1.1300
29.01.2014 00:13:28.577,1.47382,1.47182,2.4400,1.2100
29.01.2014 00:13:30.079,1.47381,1.47181,1.2300,2.6600
29.01.2014 00:13:31.273,1.47382,1.47182,1.9400,2.2900
29.01.2014 00:13:32.488,1.47381,1.47181,2.7400,2.7300
29.01.2014 00:13:33.969,1.47381,1.47181,1.5100,1.4500
29.01.2014 00:13:35.493,1.47383,1.47183,1.6700,2.3900
29.01.2014 00:13:36.715,1.47383,1.47183,1.2100,2.4700
29.01.2014 00:13:37.995,1.47383,1.47183,2.4900,1.3400
29.01.2014 00:13:39.438,1.47383,1.47183,2.1700,2.2000
29.01.2014 00:13:40.862,1.47386,1.47186,2.9100,2.5300
29.01.2014 00:13:42.347,1.47390,1.47190,1.4700,1.7300
29.01.2014 00:13:43.684,1.47388,1.47188,2.7500,2.2700
29.01.2014 00:13:45.038,1.47389,1.47189,2.0200,1.7500
29.01.2014 00:13:46.416,1.47390,1.47190,2.5900,1.5100
29.01.2014 00:13:47.819,1.47391,1.47191,2.5300,1.4400
29.01.2014 00:13:49.349,1.47392,1.47192,1.5900,2.0600
29.01.2014 00:13:50.764,1.47392,1.47192,1.7400,1.3400
29.01.2014 00:13:52.086,1.47389,1.47189,2.3800,2.0400
29.01.2014 00:13:53.553,1.47387,1.47187,2.4500,2.8800
29.01.2014 00:13:54.987,1.47387,1.47187,2.1400,2.3800
29.01.2014 00:13:56.584,1.47388,1.47188,2.3600,2.6200
29.01.2014 00:13:58.102,1.47388,1.47188,1.7000,2.2500
29.01.2014 00:13:59.432,1.47387,1.47187,2.7400,2.5800
29.01.2014 00:14:00.912,1.47385,1.47185,2.8400,1.0400
29.01.2014 00:14:02.391,1.47386,1.47186,2.7600,1.1800
29.01.2014 00:14:03.863,1.47387,1.47187,2.3900,1.2200
29.01.2014 00:14:05.297,1.47387,1.47187,2.8700,2.9300
29.01.2014 00:14:06.667,1.47389,1.47189,2.9100,2.7000
29.01.2014 00:14:08.047,1.47390,1.47190,1.7000,2.1100
29.01.2014 00:14:09.401,1.47391,1.47191,2.8300,1.1200
29.01.2014 00:14:10.805,1.47391,1.47191,2.3400,1.8900
29.01.2014 00:14:12.280,1.47388,1.47188,2.4500,2.8800
29.01.2014 00:14:13.779,1.47386,1.47186,1.1900,1.5000
29.01.2014 00:14:15.107,1.47387,1.47187,2.9400,1.6200
29.01.2014 00:14:16.604,1.47390,1.47190,2.2100,1.8600
29.01.2014 00:14:17.970,1.47392,1.47192,2.5200,1.3100
29.01.2014 00:14:19.310,1.47393,1.47193,1.7200,1.3600
29.01.2014 00:14:20.690,1.47393,1.47193,1.8700,2.8800
29.01.2014 00:14:22.256,1.47394,1.47194,1.7500,2.5200
29.01.2014 00:14:23.460,1.47394,1.47194,2.9300,1.6200
29.01.2014 00:14:24.851,1.47397,1.47197,1.4700,2.7800
29.01.2014 00:14:26.099,1.47397,1.47197,1.4400,2.5000
29.01.2014 00:14:27.534,1.47397,1.47197,1.7000,1.5900
29.01.2014 00:14:28.967,1.47397,1.47197,1.6600,2.5100
29.01.2014 00:14:30.424,1.47394,1.47194,1.0800,2.3300
29.01.2014 00:14:31.884,1.47396,1.47196,1.8600,2.5300
29.01.2014 00:14:33.295,1.47392,1.47192,2.4200,2.8500
29.01.2014 00:14:34.672,1.47392,1.47192,1.1700,1.8700
29.01.2014 00:14:36.067,1.47391,1.47191,2.2500,1.3100
29.01.2014 00:14:37.565,1.47389,1.47189,1.0900,1.0700
29.01.2014 00:14:38.869,1.47386,1.47186,2.4600,1.1200
29.01.2014 00:14:40.267,1.47385,1.47185,1.2100,1.6900
29.01.2014 00:14:41.728,1.47383,1.47183,1.7400,2.4000
29.01.2014 00:14:43.052,1.47385,1.47185,2.9400,2.1900
29.01.2014 00:14:44.546,1.47385,1.47185,2.5400,2.4400
29.01.2014 00:14:45.981,1.47384,1.47184,1.0900,2.0300
29.01.2014 00:14:47.297,1.47385,1.47185,1.1200,2.3700
29.01.2014 00:14:48.665,1.47387,1.47187,2.4100,2.5600
29.01.2014 00:14:49.935,1.47388,1.47188,2.2000,1.2600
29.01.2014 00:14:51.447,1.47388,1.47188,2.8200,1.5000
29.01.2014 00:14:52.999,1.47389,1.47189,2.9400,1.6700
29.01.2014 00:14:54.437,1.47388,1.47188,1.0100,1.9500
29.01.2014 00:14:55.645,1.47387,1.47187,1.6200,1.4200
29.01.2014 00:14:56.890,1.47385,1.47185,1.7100,2.4700
29.01.2014 00:14:58.294,1.47389,1.47189,1.1400,2.2100
29.01.2014 00:14:59.669,1.47387,1.47187,1.0300,2.7500
29.01.2014 00:15:01.131,1.47387,1.47187,1.3000,1.2800
29.01.2014 00:15:02.434,1.47387,1.47187,2.6200,1.1000
29.01.2014 00:15:03.788,1.47389,1.47189,1.5700,2.9500
29.01.2014 00:15:05.086,1.47393,1.47193,1.7700,1.3500
29.01.2014 00:15:06.502,1.47394,1.47194,2.8500,2.0900
29.01.2014 00:15:08.107,1.47395,1.47195,1.2200,1.9300
29.01.2014 00:15:09.502,1.47396,1.47196,1.7900,2.8000
29.01.2014 00:15:11.023,1.47398,1.47198,2.8000,2.4100
29.01.2014 00:15:12.377,1.47398,1.47198,2.2100,1.0900
29.01.2014 00:15:13.978,1.47398,1.47198,2.6800,1.5000
29.01.2014 00:15:15.313,1.47400,1.47200,2.4800,1.9400
29.01.2014 00:15:16.743,1.47403,1.47203,1.2400,2.9100
29.01.2014 00:15:18.164,1.47402,1.47202,1.3600,2.7100
29.01.2014 00:15:19.479,1.47402,1.47202,1.7500,2.4500
29.01.2014 00:15:21.066,1.47402,1.47202,1.3800,2.5400
29.01.2014 00:15:22.453,1.47402,1.47202,2.7400,1.9100
29.01.2014 00:15:23.969,1.47403,1.47203,2.7200,2.3900
29.01.2014 00:15:25.254,1.47401,1.47201,2.9500,2.9000
29.01.2014 00:15:26.619,1.47401,1.47201,2.6600,2.5400
29.01.2014 00:15:28.080,1.47399,1.47199,1.4800,1.9500
29.01.2014 00:15:29.489,1.47398,1.47198,1.1300,2.3300
29.01.2014 00:15:30.822,1.47397,1.47197,1.7000,1.7000
29.01.2014 00:15:32.131,1.47397,1.47197,1.9200,1.1600
29.01.2014 00:15:33.430,1.47397,1.47197,2.4800,1.1800
29.01.2014 00:15:34.843,1.47395,1.47195,2.7900,2.2200
29.01.2014 00:15:36.317,1.47395,1.47195,1.2400,2.8200
29.01.2014 00:15:37.689,1.47398,1.47198,1.2400,2.0600
29.01.2014 00:15:39.044,1.47400,1.47200,2.7600,1.4200
29.01.2014 00:15:40.487,1.47400,1.47200,2.5000,2.7100
29.01.2014 00:15:41.803,1.47399,1.47199,2.7100,1.3700
29.01.2014 00:15:43.355,1.47401,1.47201,2.3000,2.7300
29.01.2014 00:15:44.766,1.47403,1.47203,2.1700,1.8700
29.01.2014 00:15:46.290,1.47401,1.47201,1.5100,2.2700
29.01.2014 00:15:47.758,1.47399,1.47199,1.5400,2.1300
29.01.2014 00:15:48.965,1.47398,1.47198,2.7500,2.5800
29.01.2014 00:15:50.343,1.47398,1.47198,1.5000,2.1300
29.01.2014 00:15:51.732,1.47401,1.47201,2.9200,2.4300
29.01.2014 00:15:53.009,1.47403,1.47203,1.6300,2.5800
29.01.2014 00:15:54.297,1.47402,1.47202,1.9500,1.4700
29.01.2014 00:15:55.601,1.47402,1.47202,1.3400,1.0300
29.01.2014 00:15:57.126,1.47402,1.47202,2.3700,1.7100
29.01.2014 00:15:58.517,1.47401,1.47201,1.9800,2.3600
29.01.2014 00:15:59.781,1.47400,1.47200,1.8000,1.3700
29.01.2014 00:16:01.119,1.47399,1.47199,1.3700,1.5300
29.01.2014 00:16:02.448,1.47397,1.47197,1.8500,1.6600
29.01.2014 00:16:03.656,1.47397,1.47197,2.6800,1.4700
29.01.2014 00:16:04.972,1.47398,1.47198,1.7900,1.3900
29.01.2014 00:16:06.448,1.47398,1.47198,2.8300,2.9700
29.01.2014 00:16:08.057,1.47395,1.47195,1.0000,2.8000
29.01.2014 00:16:09.359,1.47395,1.47195,1.2700,1.7800
29.01.2014 00:16:10.736,1.47396,1.47196,2.0300,1.7900
29.01.2014 00:16:12.062,1.47395,1.47195,2.5800,2.2600
29.01.2014 00:16:13.350,1.47395,1.47195,1.6700,2.3100
29.01.2014 00:16:14.732,1.47396,1.47196,2.0100,1.1500
29.01.2014 00:16:16.244,1.47395,1.47195,2.0200,1.3000
29.01.2014 00:16:17.528,1.47396,1.47196,1.6700,1.9400
29.01.2014 00:16:18.996,1.47393,1.47193,2.9600,1.5500
29.01.2014 00:16:20.412,1.47391,1.47191,1.7500,1.2600
29.01.2014 00:16:21.809,1.47393,1.47193,1.8100,1.9800
29.01.2014 00:16:23.052,1.47394,1.47194,2.3000,1.8500
29.01.2014 00:16:24.556,1.47391,1.47191,1.8500,1.1500
29.01.2014 00:16:26.156,1.47390,1.47190,1.2200,2.9500
29.01.2014 00:16:27.582,1.47391,1.47191,1.4600,2.1700
29.01.2014 00:16:28.776,1.47393,1.47193,1.4800,2.6700
29.01.2014 00:16:30.157,1.47395,1.47195,2.6500,1.0800
29.01.2014 00:16:31.721,1.47394,1.47194,2.2600,2.3600
29.01.2014 00:16:33.121,1.47393,1.47193,2.6700,2.6500
29.01.2014 00:16:34.552,1.47394,1.47194,1.6900,2.1900
29.01.2014 00:16:36.031,1.47393,1.47193,1.8800,1.0800
29.01.2014 00:16:37.419,1.47392,1.47192,1.4400,1.0300
29.01.2014 00:16:38.904,1.47392,1.47192,2.3000,2.2700
29.01.2014 00:16:40.212,1.47392,1.47192,1.9700,1.7700
29.01.2014 00:16:41.599,1.47390,1.47190,1.3000,1.7100
29.01.2014 00:16:43.054,1.47390,1.47190,2.4600,2.7700
29.01.2014 00:16:44.564,1.47391,1.47191,1.3700,2.8100
29.01.2014 00:16:46.131,1.47391,1.47191,2.5200,2.4900
29.01.2014 00:16:47.445,1.47391,1.47191,2.3300,1.7300
29.01.2014 00:16:48.839,1.47392,1.47192,2.7000,2.5900
29.01.2014 00:16:50.119,1.47388,1.47188,2.9000,2.2300
29.01.2014 00:16:51.507,1.47388,1.47188,1.5200,1.4000
29.01.2014 00:16:52.709,1.47385,1.47185,1.1500,2.2900
29.01.2014 00:16:54.180,1.47386,1.47186,2.9300,1.6800
29.01.2014 00:16:55.602,1.47386,1.47186,1.5500,2.5900
29.01.2014 00:16:57.123,1.47387,1.47187,2.3900,1.2300
29.01.2014 00:16:58.748,1.47386,1.47186,1.8200,1.0600
29.01.2014 00:17:00.103,1.47385,1.47185,1.7300,1.1000
29.01.2014 00:17:01.414,1.47385,1.47185,2.4000,1.2100
29.01.2014 00:17:02.848,1.47384,1.47184,2.7300,2.5300
29.01.2014 00:17:04.394,1.47385,1.47185,1.9500,2.2600
29.01.2014 00:17:05.900,1.47385,1.47185,1.8200,2.4600
29.01.2014 00:17:07.317,1.47384,1.47184,1.9100,1.7300
29.01.2014 00:17:08.488,1.47384,1.47184,1.3500,2.3000
29.01.2014 00:17:10.037,1.47382,1.47182,1.4100,1.6500
29.01.2014 00:17:11.225,1.47380,1.47180,2.0800,2.1200
29.01.2014 00:17:12.642,1.47379,1.47179,2.7600,1.5900
29.01.2014 00:17:14.059,1.47379,1.47179,2.9200,1.2800
29.01.2014 00:17:15.691,1.47382,1.47182,1.0200,2.4000
29.01.2014 00:17:17.153,1.47383,1.47183,1.8000,2.3400
29.01.2014 00:17:18.417,1.47381,1.47181,2.2300,1.9200
29.01.2014 00:17:19.835,1.47379,1.47179,2.5500,2.3700
29.01.2014 00:17:21.348,1.47380,1.47180,1.9800,2.6100
29.01.2014 00:17:22.596,1.47381,1.47181,1.4200,1.5900
29.01.2014 00:17:23.884,1.47381,1.47181,2.6600,2.0900
29.01.2014 00:17:25.244,1.47379,1.47179,1.4400,2.2100
29.01.2014 00:17:26.661,1.47378,1.47178,2.6000,2.3800
29.01.2014 00:17:27.998,1.47379,1.47179,2.9400,1.6400
29.01.2014 00:17:29.379,1.47379,1.47179,1.6300,1.1000
29.01.2014 00:17:30.798,1.47379,1.47179,1.4100,2.2500
29.01.2014 00:17:32.245,1.47379,1.47179,1.9500,1.8400
29.01.2014 00:17:33.702,1.47379,1.47179,2.4000,2.5600
29.01.2014 00:17:35.068,1.47380,1.47180,1.6000,2.4100
29.01.2014 00:17:36.394,1.47380,1.47180,1.9400,2.8500
29.01.2014 00:17:37.844,1.47379,1.47179,1.4000,1.1400
29.01.2014 00:17:39.014,1.47377,1.47177,2.7200,1.4600
29.01.2014 00:17:40.385,1.47379,1.47179,2.8800,2.7700
29.01.2014 00:17:41.767,1.47377,1.47177,1.1300,1.9800
29.01.2014 00:17:43.205,1.47379,1.47179,2.2600,2.4800
29.01.2014 00:17:44.629,1.47378,1.47178,2.2000,2.4200
29.01.2014 00:17:46.122,1.47376,1.47176,1.2600,2.0300
29.01.2014 00:17:47.601,1.47376,1.47176,1.7600,2.1400
29.01.2014 00:17:49.007,1.47377,1.47177,2.0400,1.6700
29.01.2014 00:17:50.309,1.47376,1.47176,2.3300,1.2100
29.01.2014 00:17:51.715,1.47376,1.47176,1.1300,1.1000
29.01.2014 00:17:53.076,1.47378,1.47178,2.8300,2.1800
29.01.2014 00:17:54.497,1.47380,1.47180,1.7200,1.3900
29.01.2014 00:17:55.825,1.47381,1.47181,2.3100,1.0500
29.01.2014 00:17:57.139,1.47383,1.47183,1.3600,2.3800
29.01.2014 00:17:58.577,1.47384,1.47184,1.8600,2.8800
29.01.2014 00:18:00.027,1.47386,1.47186,2.4700,1.6400
29.01.2014 00:18:01.321,1.47384,1.47184,2.5900,2.2400
29.01.2014 00:18:02.740,1.47384,1.47184,1.6900,2.2000
29.01.2014 00:18:04.124,1.47385,1.47185,1.8700,2.7300
29.01.2014 00:18:05.582,1.47384,1.47184,2.3900,1.3800
29.01.2014 00:18:07.135,1.47386,1.47186,1.8500,2.5600
29.01.2014 00:18:08.489,1.47387,1.47187,2.3500,1.4200
29.01.2014 00:18:09.714,1.47386,1.47186,2.5900,2.5000
29.01.2014 00:18:11.127,1.47387,1.47187,1.6800,1.1500
29.01.2014 00:18:12.484,1.47387,1.47187,1.2800,2.0700
29.01.2014 00:18:13.949,1.47389,1.47189,2.8800,2.5600
29.01.2014 00:18:15.236,1.47391,1.47191,1.0700,2.3800
29.01.2014 00:18:16.901,1.47394,1.47194,1.3200,1.7700
29.01.2014 00:18:18.292,1.47393,1.47193,2.4800,1.1500
29.01.2014 00:18:19.560,1.47395,1.47195,2.4700,1.8200
29.01.2014 00:18:21.056,1.47395,1.47195,1.9600,1.7800
29.01.2014 00:18:22.486,1.47394,1.47194,2.0300,1.4800
29.01.2014 00:18:24.018,1.47395,1.47195,1.1800,2.1400
29.01.2014 00:18:25.451,1.47396,1.47196,1.7000,2.8800
29.01.2014 00:18:26.851,1.47399,1.47199,1.7500,1.6200
29.01.2014 00:18:28.377,1.47400,1.47200,2.9300,1.9200
29.01.2014 00:18:29.876,1.47402,1.47202,2.3300,1.6200
29.01.2014 00:18:31.309,1.47403,1.47203,1.9200,2.0900
29.01.2014 00:18:32.693,1.47403,1.47203,1.7000,1.5300
29.01.2014 00:18:34.189,1.47402,1.47202,1.3900,2.8000
29.01.2014 00:18:35.508,1.47402,1.47202,2.9200,1.9100
29.01.2014 00:18:36.870,1.47401,1.47201,1.1100,2.4500
29.01.2014 00:18:38.393,1.47400,1.47200,2.2300,1.8400
29.01.2014 00:18:39.661,1.47401,1.47201,2.8600,2.5600
29.01.2014 00:18:40.974,1.47400,1.47200,2.7100,2.9300
29.01.2014 00:18:42.447,1.47400,1.47200,1.3100,2.6200
29.01.2014 00:18:43.771,1.47398,1.47198,1.0000,1.4400
29.01.2014 00:18:45.073,1.47399,1.47199,1.0100,2.7000
29.01.2014 00:18:46.396,1.47402,1.47202,2.6100,2.3400
29.01.2014 00:18:47.713,1.47403,1.47203,1.8700,2.1200
29.01.2014 00:18:49.010,1.47402,1.47202,2.3300,1.4100
29.01.2014 00:18:50.250,1.47401,1.47201,2.1800,1.3600
29.01.2014 00:18:51.541,1.47402,1.47202,2.4000,1.1500
29.01.2014 00:18:52.846,1.47401,1.47201,1.5800,2.1700
29.01.2014 00:18:54.169,1.47400,1.47200,2.3900,1.9400
29.01.2014 00:18:55.486,1.47399,1.47199,2.9600,1.1100
29.01.2014 00:18:56.653,1.47396,1.47196,1.2500,1.5200
29.01.2014 00:18:58.162,1.47397,1.47197,1.4800,2.1600
29.01.2014 00:18:59.490,1.47398,1.47198,2.6800,1.3100
29.01.2014 00:19:00.968,1.47401,1.47201,2.4800,1.2700
29.01.2014 00:19:02.273,1.47399,1.47199,2.0800,1.5500
29.01.2014 00:19:03.562,1.47401,1.47201,2.4400,2.5300
29.01.2014 00:19:04.830,1.47400,1.47200,1.2900,1.1900
29.01.2014 00:19:06.241,1.47397,1.47197,1.4700,1.8600
29.01.2014 00:19:07.701,1.47397,1.47197,1.5500,1.7800
29.01.2014 00:19:09.163,1.47398,1.47198,2.7400,2.3100
29.01.2014 00:19:10.655,1.47397,1.47197,2.8000,2.7000
29.01.2014 00:19:12.157,1.47400,1.47200,1.4000,2.4000
29.01.2014 00:19:13.410,1.47400,1.47200,1.3600,2.9000
29.01.2014 00:19:14.653,1.47400,1.47200,1.5900,2.2600
29.01.2014 00:19:16.084,1.47400,1.47200,1.7600,1.7300
29.01.2014 00:19:17.523,1.47399,1.47199,2.8500,1.5100
29.01.2014 00:19:18.874,1.47399,1.47199,1.5800,2.0800
29.01.2014 00:19:20.288,1.47399,1.47199,1.6200,1.8800
29.01.2014 00:19:21.562,1.47402,1.47202,1.5000,1.8800
29.01.2014 00:19:23.101,1.47399,1.47199,2.6000,1.9900
29.01.2014 00:19:24.591,1.47399,1.47199,1.2100,2.0900
29.01.2014 00:19:26.057,1.47398,1.47198,1.0100,1.1400
29.01.2014 00:19:27.561,1.47396,1.47196,2.5800,1.7300
29.01.2014 00:19:28.850,1.47399,1.47199,2.2200,1.1600
29.01.2014 00:19:30.162,1.47396,1.47196,2.2700,2.5400
29.01.2014 00:19:31.530,1.47396,1.47196,1.6200,1.7500
29.01.2014 00:19:32.906,1.47394,1.47194,2.6800,1.0500
29.01.2014 00:19:34.386,1.47394,1.47194,2.0800,1.4300
29.01.2014 00:19:35.703,1.47393,1.47193,1.7800,1.5400
29.01.2014 00:19:37.397,1.47392,1.47192,2.4700,2.3300
29.01.2014 00:19:38.738,1.47392,1.47192,2.2700,2.8000
29.01.2014 00:19:40.079,1.47392,1.47192,2.9900,2.8600
29.01.2014 00:19:41.524,1.47390,1.47190,1.6500,2.8800
29.01.2014 00:19:42.771,1.47389,1.47189,2.8500,1.4300
29.01.2014 00:19:44.131,1.47387,1.47187,2.3100,2.7000
29.01.2014 00:19:45.556,1.47385,1.47185,2.5600,1.6800
29.01.2014 00:19:46.871,1.47383,1.47183,1.6300,2.0100
29.01.2014 00:19:48.287,1.47383,1.47183,2.5200,1.1800
29.01.2014 00:19:49.635,1.47380,1.47180,1.7100,1.5500
29.01.2014 00:19:51.123,1.47381,1.47181,2.6100,1.3000
29.01.2014 00:19:52.534,1.47382,1.47182,2.5400,2.6100
29.01.2014 00:19:53.897,1.47382,1.47182,2.1800,2.0000
29.01.2014 00:19:55.128,1.47383,1.47183,2.9600,2.4300
29.01.2014 00:19:56.565,1.47383,1.47183,2.6700,2.8400
29.01.2014 00:19:57.885,1.47384,1.47184,1.5700,1.1300
29.01.2014 00:19:59.367,1.47383,1.47183,1.2100,2.6600
29.01.2014 00:20:00.823,1.47382,1.47182,1.3800,2.0900
29.01.2014 00:20:02.121,1.47382,1.47182,1.2600,1.9600
29.01.2014 00:20:03.493,1.47381,1.47181,1.5200,1.2700
29.01.2014 00:20:04.865,1.47379,1.47179,2.4100,2.5200
29.01.2014 00:20:06.234,1.47380,1.47180,2.0200,1.6800
29.01.2014 00:20:07.759,1.47381,1.47181,1.2800,1.3500
29.01.2014 00:20:09.299,1.47382,1.47182,1.9100,2.7100
29.01.2014 00:20:10.620,1.47381,1.47181,2.3800,2.5100
29.01.2014 00:20:12.083,1.47380,1.47180,1.9200,2.2400
29.01.2014 00:20:13.404,1.47379,1.47179,2.6300,2.7200
29.01.2014 00:20:14.731,1.47376,1.47176,1.8100,2.1300
29.01.2014 00:20:16.089,1.47377,1.47177,1.8500,2.8200
29.01.2014 00:20:17.500,1.47375,1.47175,2.7700,1.8400
29.01.2014 00:20:18.874,1.47375,1.47175,2.7700,1.5000
29.01.2014 00:20:20.294,1.47377,1.47177,1.3400,2.2600
29.01.2014 00:20:21.713,1.47378,1.47178,2.4400,1.8500
29.01.2014 00:20:23.014,1.47376,1.47176,2.1700,2.9600
29.01.2014 00:20:24.438,1.47375,1.47175,1.7500,1.4500
29.01.2014 00:20:25.853,1.47373,1.47173,2.8100,1.2400
29.01.2014 00:20:27.209,1.47372,1.47172,1.6600,1.6800
29.01.2014 00:20:28.751,1.47370,1.47170,1.8700,2.4900
29.01.2014 00:20:30.176,1.47369,1.47169,2.8300,2.7400
29.01.2014 00:20:31.508,1.47369,1.47169,2.9800,2.9900
29.01.2014 00:20:32.670,1.47369,1.47169,1.5500,2.8000
29.01.2014 00:20:34.164,1.47369,1.47169,1.2400,2.7200
29.01.2014 00:20:35.507,1.47371,1.47171,1.4100,1.2600
29.01.2014 00:20:36.939,1.47368,1.47168,1.2600,2.0300
29.01.2014 00:20:38.161,1.47370,1.47170,2.0300,1.7900
29.01.2014 00:20:39.580,1.47371,1.47171,2.6000,1.9800
29.01.2014 00:20:40.973,1.47371,1.47171,1.0200,2.4800
29.01.2014 00:20:42.540,1.47372,1.47172,1.2800,3.0000
29.01.2014 00:20:44.083,1.47371,1.47171,1.2100,2.8500
29.01.2014 00:20:45.600,1.47374,1.47174,1.2400,1.3100
29.01.2014 00:20:47.022,1.47373,1.47173,2.7200,2.7500
29.01.2014 00:20:48.233,1.47371,1.47171,2.9200,1.4400
29.01.2014 00:20:49.700,1.47371,1.47171,1.3500,1.7600
29.01.2014 00:20:50.993,1.47370,1.47170,2.5400,2.2300
29.01.2014 00:20:52.105,1.47370,1.47170,2.5600,2.1300
29.01.2014 00:20:53.517,1.47369,1.47169,2.0000,2.7200
29.01.2014 00:20:55.024,1.47369,1.47169,2.6500,1.0800
29.01.2014 00:20:56.284,1.47369,1.47169,1.0900,1.6300
29.01.2014 00:20:57.834,1.47369,1.47169,1.4300,1.0200
29.01.2014 00:20:59.288,1.47368,1.47168,2.5000,2.9800
29.01.2014 00:21:00.732,1.47367,1.47167,2.6000,2.0400
29.01.2014 00:21:02.091,1.47365,1.47165,2.3600,2.6100
29.01.2014 00:21:03.318,1.47364,1.47164,2.2800,1.0900
29.01.2014 00:21:04.648,1.47364,1.47164,1.2700,1.5600
29.01.2014 00:21:05.865,1.47365,1.47165,1.7800,2.7600
29.01.2014 00:21:07.230,1.47365,1.47165,1.2400,2.1800
29.01.2014 00:21:08.512,1.47368,1.47168,1.1800,2.0700
29.01.2014 00:21:10.014,1.47368,1.47168,2.4900,1.8000
29.01.2014 00:21:11.332,1.47366,1.47166,1.3700,1.8700
29.01.2014 00:21:12.799,1.47367,1.47167,2.6600,1.5800
29.01.2014 00:21:14.230,1.47366,1.47166,1.1900,1.5000
29.01.2014 00:21:15.583,1.47367,1.47167,1.9800,2.8600
29.01.2014 00:21:16.996,1.47366,1.47166,1.3200,1.5900
29.01.2014 00:21:18.440,1.47370,1.47170,2.1800,1.2400
29.01.2014 00:21:19.942,1.47370,1.47170,2.3700,1.0000
29.01.2014 00:21:21.351,1.47371,1.47171,1.5100,2.7400
29.01.2014 00:21:22.734,1.47371,1.47171,2.3600,2.0700
29.01.2014 00:21:23.962,1.47370,1.47170,2.7400,1.3300
29.01.2014 00:21:25.503,1.47368,1.47168,1.6700,2.9300
29.01.2014 00:21:26.770,1.47368,1.47168,2.9400,1.0300
29.01.2014 00:21:28.085,1.47368,1.47168,1.1000,1.0900
29.01.2014 00:21:29.292,1.47368,1.47168,1.3700,1.6400
29.01.2014 00:21:30.655,1.47368,1.47168,2.0200,2.6700
29.01.2014 00:21:32.151,1.47366,1.47166,1.3500,2.0100
29.01.2014 00:21:33.552,1.47368,1.47168,1.5300,2.7400
29.01.2014 00:21:34.986,1.47366,1.47166,1.0300,2.1700
29.01.2014 00:21:36.509,1.47368,1.47168,2.5000,1.5000
29.01.2014 00:21:38.032,1.47368,1.47168,2.5600,1.2000
29.01.2014 00:21:39.600,1.47367,1.47167,1.5300,1.2700
29.01.2014 00:21:40.916,1.47365,1.47165,1.9800,1.5900
29.01.2014 00:21:42.415,1.47366,1.47166,1.3600,1.8900
29.01.2014 00:21:43.928,1.47366,1.47166,2.5900,1.7700
29.01.2014 00:21:45.374,1.47366,1.47166,2.5600,1.8500
29.01.2014 00:21:46.814,1.47366,1.47166,1.2900,2.2800
29.01.2014 00:21:48.254,1.47367,1.47167,2.2900,1.7400
29.01.2014 00:21:49.575,1.47367,1.47167,2.3200,2.2100
29.01.2014 00:21:51.119,1.47367,1.47167,1.7500,2.1200
29.01.2014 00:21:52.506,1.47366,1.47166,1.5800,1.2900
29.01.2014 00:21:53.836,1.47365,1.47165,1.4600,1.3700
29.01.2014 00:21:55.217,1.47367,1.47167,2.4600,2.2800
29.01.2014 00:21:56.661,1.47366,1.47166,1.9200,2.5900
29.01.2014 00:21:58.072,1.47362,1.47162,2.1100,2.1100
29.01.2014 00:21:59.527,1.47361,1.47161,2.8300,2.0800
29.01.2014 00:22:00.954,1.47360,1.47160,2.2200,2.5300
29.01.2014 00:22:02.205,1.47359,1.47159,1.7800,2.4500
29.01.2014 00:22:03.739,1.47359,1.47159,2.7800,1.4500
29.01.2014 00:22:05.014,1.47360,1.47160,1.1300,1.3200
29.01.2014 00:22:06.436,1.47362,1.47162,1.5200,2.8000
29.01.2014 00:22:07.963,1.47361,1.47161,1.0100,1.2400
29.01.2014 00:22:09.290,1.47362,1.47162,1.5800,2.5700
29.01.2014 00:22:10.558,1.47363,1.47163,1.7300,2.9200
29.01.2014 00:22:11.995,1.47364,1.47164,2.8200,2.6100
29.01.2014 00:22:13.213,1.47363,1.47163,1.7500,1.3100
29.01.2014 00:22:14.625,1.47360,1.47160,1.7700,1.1800
29.01.2014 00:22:16.059,1.47360,1.47160,1.1200,2.3200
29.01.2014 00:22:17.492,1.47363,1.47163,2.5800,1.3500
29.01.2014 00:22:18.823,1.47364,1.47164,1.2700,1.4300
29.01.2014 00:22:20.341,1.47364,1.47164,2.1500,2.0400
29.01.2014 00:22:21.636,1.47362,1.47162,1.1600,2.4200
29.01.2014 00:22:22.933,1.47364,1.47164,2.3600,1.5600
29.01.2014 00:22:24.188,1.47363,1.47163,1.3800,1.6200
29.01.2014 00:22:25.663,1.47363,1.47163,1.5900,2.5000
29.01.2014 00:22:27.153,1.47359,1.47159,1.9600,2.2300
29.01.2014 00:22:28.430,1.47360,1.47160,2.5900,2.8500
29.01.2014 00:22:29.816,1.47359,1.47159,2.0500,1.7200
29.01.2014 00:22:31.166,1.47360,1.47160,2.7200,1.8400
29.01.2014 00:22:32.584,1.47358,1.47158,1.8500,1.6700
29.01.2014 00:22:34.044,1.47359,1.47159,1.1500,2.4800
29.01.2014 00:22:35.461,1.47357,1.47157,1.0100,1.4900
29.01.2014 00:22:36.850,1.47357,1.47157,2.9300,1.4600
29.01.2014 00:22:38.290,1.47357,1.47157,2.1900,1.1700
29.01.2014 00:22:39.692,1.47358,1.47158,2.1600,1.2900
29.01.2014 00:22:41.085,1.47359,1.47159,2.5200,1.0500
29.01.2014 00:22:42.504,1.47360,1.47160,1.9200,1.4800
29.01.2014 00:22:43.661,1.47357,1.47157,1.5900,1.0600
29.01.2014 00:22:45.020,1.47358,1.47158,1.2100,2.0100
29.01.2014 00:22:46.363,1.47357,1.47157,1.5700,1.3000
29.01.2014 00:22:47.972,1.47356,1.47156,2.9500,1.2100
29.01.2014 00:22:49.382,1.47354,1.47154,2.9100,2.9400
29.01.2014 00:22:50.805,1.47355,1.47155,1.7500,1.0900
29.01.2014 00:22:52.047,1.47353,1.47153,1.2700,2.9100
29.01.2014 00:22:53.361,1.47355,1.47155,2.9600,1.0000
29.01.2014 00:22:54.713,1.47357,1.47157,2.5400,2.6900
29.01.2014 00:22:56.245,1.47357,1.47157,2.6500,1.3600
29.01.2014 00:22:57.767,1.47354,1.47154,2.3300,2.5400
29.01.2014 00:22:59.075,1.47353,1.47153,1.3300,2.2800
29.01.2014 00:23:00.438,1.47353,1.47153,2.3700,2.3700
29.01.2014 00:23:01.806,1.47353,1.47153,2.4500,1.6400
29.01.2014 00:23:03.327,1.47355,1.47155,2.3600,2.6400
29.01.2014 00:23:04.811,1.47359,1.47159,1.0400,2.8300
29.01.2014 00:23:06.209,1.47363,1.47163,2.7000,1.5100
29.01.2014 00:23:07.575,1.47362,1.47162,2.9000,1.4900
29.01.2014 00:23:08.867,1.47362,1.47162,2.7600,1.3900
29.01.2014 00:23:10.285,1.47366,1.47166,1.3400,1.5300
29.01.2014 00:23:11.674,1.47369,1.47169,2.1700,1.2400
29.01.2014 00:23:12.841,1.47368,1.47168,2.6000,2.1200
29.01.2014 00:23:14.396,1.47369,1.47169,1.3600,2.6700
29.01.2014 00:23:15.916,1.47370,1.47170,1.5600,1.9200
29.01.2014 00:23:17.301,1.47370,1.47170,2.2100,1.5500
29.01.2014 00:23:18.785,1.47369,1.47169,2.7300,1.0800
29.01.2014 00:23:20.108,1.47368,1.47168,1.0800,1.1400
29.01.2014 00:23:21.404,1.47369,1.47169,1.0400,2.1400
29.01.2014 00:23:22.727,1.47369,1.47169,2.4200,2.7900
29.01.2014 00:23:24.138,1.47366,1.47166,1.7500,2.0900
29.01.2014 00:23:25.634,1.47368,1.47168,1.0600,1.0400
29.01.2014 00:23:27.144,1.47367,1.47167,1.4400,1.7300
29.01.2014 00:23:28.592,1.47367,1.47167,2.3300,2.2900
29.01.2014 00:23:30.061,1.47367,1.47167,2.4900,2.6600
29.01.2014 00:23:31.500,1.47372,1.47172,1.1500,1.0000
29.01.2014 00:23:33.063,1.47373,1.47173,2.5100,1.5800
29.01.2014 00:23:34.667,1.47373,1.47173,2.1800,1.4700
29.01.2014 00:23:36.024,1.47370,1.47170,2.8300,1.9400
29.01.2014 00:23:37.379,1.47370,1.47170,2.4500,1.2500
29.01.2014 00:23:38.763,1.47368,1.47168,1.4700,2.9400
29.01.2014 00:23:40.177,1.47367,1.47167,1.0100,1.8900
29.01.2014 00:23:41.693,1.47367,1.47167,2.9100,1.8200
29.01.2014 00:23:43.131,1.47368,1.47168,1.5400,2.1800
29.01.2014 00:23:44.381,1.47367,1.47167,1.8400,1.6700
29.01.2014 00:23:45.844,1.47365,1.47165,2.0500,1.6400
29.01.2014 00:23:47.159,1.47365,1.47165,2.4200,1.5000
29.01.2014 00:23:48.575,1.47363,1.47163,1.7900,1.4800
29.01.2014 00:23:49.978,1.47360,1.47160,2.9100,2.9100
29.01.2014 00:23:51.383,1.47359,1.47159,2.7100,1.0500
29.01.2014 00:23:52.827,1.47361,1.47161,1.6700,2.2200
29.01.2014 00:23:54.413,1.47359,1.47159,2.8800,1.7500
29.01.2014 00:23:55.903,1.47357,1.47157,2.4800,2.3500
29.01.2014 00:23:57.335,1.47359,1.47159,2.0900,1.0500
29.01.2014 00:23:58.735,1.47358,1.47158,2.6800,1.8900
29.01.2014 00:24:00.189,1.47359,1.47159,2.8400,1.0400
29.01.2014 00:24:01.439,1.47359,1.47159,1.4100,2.7600
29.01.2014 00:24:02.892,1.47359,1.47159,1.3300,2.0900
29.01.2014 00:24:04.336,1.47356,1.47156,2.1700,2.1900
29.01.2014 00:24:05.841,1.47355,1.47155,1.5200,1.5400
29.01.2014 00:24:07.232,1.47357,1.47157,1.2600,1.4700
29.01.2014 00:24:08.480,1.47357,1.47157,1.9600,1.7400
29.01.2014 00:24:09.893,1.47357,1.47157,2.2600,1.7200
29.01.2014 00:24:11.440,1.47359,1.47159,2.4700,2.2900
29.01.2014 00:24:12.871,1.47358,1.47158,2.9200,2.0100
29.01.2014 00:24:14.147,1.47359,1.47159,1.4100,2.9000
29.01.2014 00:24:15.697,1.47358,1.47158,3.0000,2.7500
29.01.2014 00:24:17.042,1.47358,1.47158,1.6400,1.2200
29.01.2014 00:24:18.575,1.47358,1.47158,2.9300,1.8600
29.01.2014 00:24:20.095,1.47357,1.47157,1.1900,1.0800
29.01.2014 00:24:21.430,1.47358,1.47158,1.5900,2.2000
29.01.2014 00:24:22.818,1.47356,1.47156,2.6900,1.6600
29.01.2014 00:24:24.150,1.47357,1.47157,2.2000,1.0900
29.01.2014 00:24:25.600,1.47356,1.47156,2.4600,2.3800
29.01.2014 00:24:26.890,1.47355,1.47155,2.7800,1.7300
29.01.2014 00:24:28.257,1.47357,1.47157,2.2800,1.2500
29.01.2014 00:24:29.759,1.47357,1.47157,1.2800,1.0100
29.01.2014 00:24:31.138,1.47357,1.47157,2.9400,2.1000
29.01.2014 00:24:32.638,1.47355,1.47155,1.5200,1.0200
29.01.2014 00:24:34.054,1.47357,1.47157,2.4400,1.8000
29.01.2014 00:24:35.594,1.47356,1.47156,1.3600,1.7000
29.01.2014 00:24:37.018,1.47355,1.47155,2.4000,2.6500
29.01.2014 00:24:38.217,1.47353,1.47153,2.8100,2.0000
29.01.2014 00:24:39.574,1.47353,1.47153,2.7800,1.9400
29.01.2014 00:24:41.073,1.47355,1.47155,2.6000,2.8000
29.01.2014 00:24:42.322,1.47357,1.47157,2.0900,2.2400
29.01.2014 00:24:43.868,1.47360,1.47160,2.9100,2.0500
29.01.2014 00:24:45.266,1.47362,1.47162,2.7500,1.0900
29.01.2014 00:24:46.644,1.47362,1.47162,1.1200,1.9500
29.01.2014 00:24:47.750,1.47360,1.47160,1.3000,1.4000
29.01.2014 00:24:49.128,1.47360,1.47160,2.2200,1.4600
29.01.2014 00:24:50.469,1.47355,1.47155,2.0600,1.6700
29.01.2014 00:24:51.794,1.47359,1.47159,2.7100,1.1200
29.01.2014 00:24:53.107,1.47358,1.47158,2.0900,1.8800
29.01.2014 00:24:54.659,1.47355,1.47155,1.5200,2.4900
29.01.2014 00:24:56.193,1.47355,1.47155,2.0500,1.4000
29.01.2014 00:24:57.660,1.47353,1.47153,2.0000,2.7600
29.01.2014 00:24:59.121,1.47351,1.47151,2.2100,1.9100
29.01.2014 00:25:00.467,1.47350,1.47150,1.4700,2.1500
29.01.2014 00:25:01.816,1.47350,1.47150,2.7200,1.7300
29.01.2014 00:25:03.304,1.47350,1.47150,2.7600,1.9600
29.01.2014 00:25:04.704,1.47346,1.47146,2.7400,2.4400
29.01.2014 00:25:06.166,1.47345,1.47145,1.0400,2.0500
29.01.2014 00:25:07.560,1.47345,1.47145,2.8100,2.9100
29.01.2014 00:25:08.959,1.47345,1.47145,2.9000,2.6200
29.01.2014 00:25:10.391,1.47344,1.47144,1.7400,2.1900
29.01.2014 00:25:11.698,1.47345,1.47145,1.3700,1.1800
29.01.2014 00:25:13.183,1.47346,1.47146,1.9700,2.3200
29.01.2014 00:25:14.709,1.47344,1.47144,1.0700,1.3300
29.01.2014 00:25:16.038,1.47345,1.47145,2.5300,1.9500
29.01.2014 00:25:17.508,1.47346,1.47146,2.7700,2.4900
29.01.2014 00:25:18.725,1.47347,1.47147,2.1500,2.2600
29.01.2014 00:25:20.166,1.47346,1.47146,1.1100,2.4800
29.01.2014 00:25:21.524,1.47345,1.47145,2.0300,1.8300
29.01.2014 00:25:22.994,1.47345,1.47145,2.8200,2.0600
29.01.2014 00:25:24.527,1.47349,1.47149,2.0300,2.0900
29.01.2014 00:25:25.789,1.47348,1.47148,2.4400,2.3600
29.01.2014 00:25:27.188,1.47347,1.47147,2.1800,1.8300
29.01.2014 00:25:28.510,1.47347,1.47147,1.8900,2.5300
29.01.2014 00:25:29.929,1.47345,1.47145,1.4200,1.5100
29.01.2014 00:25:31.182,1.47346,1.47146,2.5600,1.7200
29.01.2014 00:25:32.564,1.47344,1.47144,2.5100,1.3200
29.01.2014 00:25:33.892,1.47346,1.47146,2.2900,1.9700
29.01.2014 00:25:35.245,1.47345,1.47145,2.9300,2.9200
29.01.2014 00:25:36.440,1.47346,1.47146,2.8700,1.4700
29.01.2014 00:25:37.852,1.47344,1.47144,1.6200,2.3400
29.01.2014 00:25:39.251,1.47343,1.47143,2.2400,1.2400
29.01.2014 00:25:40.616,1.47346,1.47146,1.1900,1.2800
29.01.2014 00:25:42.153,1.47346,1.47146,2.4500,2.8200
29.01.2014 00:25:43.491,1.47347,1.47147,2.3000,2.1900
29.01.2014 00:25:44.924,1.47346,1.47146,2.3800,2.5200
29.01.2014 00:25:46.374,1.47345,1.47145,2.1400,2.7600
29.01.2014 00:25:47.629,1.47345,1.47145,1.4000,2.6400
29.01.2014 00:25:49.007,1.47346,1.47146,2.1200,2.9500
29.01.2014 00:25:50.409,1.47347,1.47147,1.9600,1.5600
29.01.2014 00:25:51.904,1.47347,1.47147,2.0700,1.2900
29.01.2014 00:25:53.058,1.47348,1.47148,3.0000,1.7000
29.01.2014 00:25:54.411,1.47349,1.47149,2.3500,2.2400
29.01.2014 00:25:55.917,1.47348,1.47148,2.1700,1.3100
29.01.2014 00:25:57.175,1.47349,1.47149,2.7500,2.5900
29.01.2014 00:25:58.584,1.47351,1.47151,2.6100,2.5700
29.01.2014 00:25:59.971,1.47352,1.47152,1.6600,1.1100
29.01.2014 00:26:01.399,1.47355,1.47155,2.5100,2.6800
29.01.2014 00:26:02.688,1.47359,1.47159,2.6800,1.6400
29.01.2014 00:26:04.156,1.47358,1.47158,1.7300,1.6600
29.01.2014 00:26:05.681,1.47359,1.47159,1.0500,1.6600
29.01.2014 00:26:07.047,1.47359,1.47159,1.3400,2.6600
29.01.2014 00:26:08.520,1.47359,1.47159,1.1900,2.8700
29.01.2014 00:26:09.957,1.47363,1.47163,2.9600,2.9000
29.01.2014 00:26:11.343,1.47363,1.47163,2.7400,2.5000
29.01.2014 00:26:12.632,1.47362,1.47162,2.8500,2.2600
29.01.2014 00:26:14.110,1.47360,1.47160,2.4400,2.5000
29.01.2014 00:26:15.510,1.47360,1.47160,2.7200,2.3400
29.01.2014 00:26:16.806,1.47361,1.47161,2.6600,2.5800
29.01.2014 00:26:18.193,1.47357,1.47157,2.7400,2.2100
29.01.2014 00:26:19.519,1.47356,1.47156,2.3000,2.0100
29.01.2014 00:26:20.898,1.47355,1.47155,1.6700,2.4100
29.01.2014 00:26:22.302,1.47357,1.47157,2.8800,2.6500
29.01.2014 00:26:23.480,1.47355,1.47155,2.1900,1.4900
29.01.2014 00:26:24.890,1.47356,1.47156,1.6200,2.4900
29.01.2014 00:26:26.192,1.47355,1.47155,1.1200,2.4700
29.01.2014 00:26:27.630,1.47355,1.47155,2.2300,2.8800
29.01.2014 00:26:29.133,1.47355,1.47155,2.2000,2.5800
29.01.2014 00:26:30.489,1.47358,1.47158,2.3100,1.4000
29.01.2014 00:26:31.878,1.47356,1.47156,1.9000,2.7600
29.01.2014 00:26:33.435,1.47356,1.47156,1.7100,1.8600
29.01.2014 00:26:34.889,1.47360,1.47160,2.0100,1.7700
29.01.2014 00:26:36.339,1.47359,1.47159,2.0600,2.6100
29.01.2014 00:26:37.733,1.47358,1.47158,2.9900,1.7200
29.01.2014 00:26:39.090,1.47358,1.47158,2.6500,2.1000
29.01.2014 00:26:40.354,1.47358,1.47158,2.8400,2.5300
29.01.2014 00:26:41.705,1.47359,1.47159,1.2600,1.8100
29.01.2014 00:26:43.021,1.47359,1.47159,1.2600,2.0300
29.01.2014 00:26:44.397,1.47361,1.47161,1.4100,2.5600
29.01.2014 00:26:45.761,1.47359,1.47159,1.7400,2.7900
29.01.2014 00:26:47.176,1.47360,1.47160,2.4700,1.6500
29.01.2014 00:26:48.784,1.47358,1.47158,2.1700,2.2600
29.01.2014 00:26:50.396,1.47355,1.47155,1.7000,1.3100
29.01.2014 00:26:51.796,1.47355,1.47155,2.5100,2.2300
29.01.2014 00:26:53.188,1.47352,1.47152,1.2200,1.0000
29.01.2014 00:26:54.731,1.47354,1.47154,2.7200,1.1100
29.01.2014 00:26:56.096,1.47354,1.47154,2.8900,2.3500
29.01.2014 00:26:57.357,1.47355,1.47155,2.4100,1.9900
29.01.2014 00:26:58.802,1.47358,1.47158,2.5700,1.4400
29.01.2014 00:27:00.190,1.47361,1.47161,1.5800,2.2400
29.01.2014 00:27:01.476,1.47363,1.47163,2.9500,2.7800
29.01.2014 00:27:02.902,1.47363,1.47163,2.9600,2.6200
29.01.2014 00:27:04.170,1.47366,1.47166,1.5700,2.4800
29.01.2014 00:27:05.353,1.47367,1.47167,2.4600,2.2200
29.01.2014 00:27:06.743,1.47368,1.47168,1.3400,2.1400
29.01.2014 00:27:08.180,1.47364,1.47164,1.0700,1.0500
29.01.2014 00:27:09.504,1.47364,1.47164,2.7000,1.7400
29.01.2014 00:27:11.021,1.47361,1.47161,2.6700,2.5200
29.01.2014 00:27:12.338,1.47363,1.47163,2.5500,1.5600
29.01.2014 00:27:13.754,1.47362,1.47162,2.7600,2.4700
29.01.2014 00:27:15.087,1.47361,1.47161,2.6800,2.0800
29.01.2014 00:27:16.602,1.47362,1.47162,1.5900,1.2100
29.01.2014 00:27:18.022,1.47361,1.47161,1.5000,2.9400
29.01.2014 00:27:19.248,1.47362,1.47162,1.6900,1.2800
29.01.2014 00:27:20.564,1.47360,1.47160,1.4500,2.5600
29.01.2014 00:27:22.110,1.47364,1.47164,2.8300,2.9500
29.01.2014 00:27:23.573,1.47360,1.47160,2.5900,1.9700
29.01.2014 00:27:24.870,1.47362,1.47162,1.5500,1.2600
29.01.2014 00:27:26.266,1.47362,1.47162,2.6800,2.1300
29.01.2014 00:27:27.736,1.47359,1.47159,1.5400,2.8200
29.01.2014 00:27:29.334,1.47358,1.47158,2.1800,1.7900
29.01.2014 00:27:30.669,1.47360,1.47160,1.3900,2.4900
29.01.2014 00:27:31.997,1.47361,1.47161,2.6900,1.6300
29.01.2014 00:27:33.400,1.47356,1.47156,2.2100,2.0600
29.01.2014 00:27:34.761,1.47357,1.47157,2.1900,1.0700
29.01.2014 00:27:36.354,1.47354,1.47154,1.7100,2.7000
29.01.2014 00:27:37.890,1.47353,1.47153,1.0200,1.7600
29.01.2014 00:27:39.226,1.47357,1.47157,1.0600,2.6500
29.01.2014 00:27:40.670,1.47358,1.47158,2.3100,2.1600
29.01.2014 00:27:42.198,1.47355,1.47155,1.9300,1.3900
29.01.2014 00:27:43.550,1.47354,1.47154,2.8800,1.3100
29.01.2014 00:27:44.903,1.47353,1.47153,1.8700,2.0300
29.01.2014 00:27:46.165,1.47353,1.47153,2.5800,2.5000
29.01.2014 00:27:47.325,1.47355,1.47155,1.6900,1.0700
29.01.2014 00:27:48.608,1.47354,1.47154,1.2500,1.1500
29.01.2014 00:27:50.273,1.47357,1.47157,1.6800,2.6900
29.01.2014 00:27:51.571,1.47356,1.47156,1.2900,1.4200
29.01.2014 00:27:52.919,1.47355,1.47155,2.3600,1.7100
29.01.2014 00:27:54.329,1.47354,1.47154,2.0600,1.2700
29.01.2014 00:27:55.709,1.47353,1.47153,2.6700,2.3500
29.01.2014 00:27:57.012,1.47354,1.47154,2.3400,2.6900
29.01.2014 00:27:58.177,1.47356,1.47156,1.6700,1.5000
29.01.2014 00:27:59.411,1.47354,1.47154,1.7800,2.6100
29.01.2014 00:28:00.648,1.47354,1.47154,2.8600,2.4000
29.01.2014 00:28:02.144,1.47356,1.47156,2.5300,2.0600
29.01.2014 00:28:03.633,1.47353,1.47153,2.6900,2.4700
29.01.2014 00:28:05.126,1.47354,1.47154,1.7200,1.5200
29.01.2014 00:28:06.554,1.47350,1.47150,1.9800,2.0800
29.01.2014 00:28:08.010,1.47347,1.47147,1.1200,1.1700
29.01.2014 00:28:09.408,1.47348,1.47148,2.8700,1.0600
29.01.2014 00:28:10.764,1.47346,1.47146,2.8800,1.9000
29.01.2014 00:28:12.080,1.47345,1.47145,1.3400,2.1000
29.01.2014 00:28:13.502,1.47344,1.47144,2.3500,2.8000
29.01.2014 00:28:14.984,1.47345,1.47145,2.3500,2.3800
29.01.2014 00:28:16.456,1.47345,1.47145,1.3300,1.8600
29.01.2014 00:28:17.812,1.47345,1.47145,2.6400,2.5400
29.01.2014 00:28:19.057,1.47344,1.47144,1.9800,2.2800
29.01.2014 00:28:20.457,1.47348,1.47148,1.0100,1.3300
29.01.2014 00:28:21.728,1.47347,1.47147,2.0000,1.4300
29.01.2014 00:28:23.187,1.47345,1.47145,1.1500,2.3200
29.01.2014 00:28:24.743,1.47348,1.47148,1.2500,2.8600
29.01.2014 00:28:25.907,1.47351,1.47151,1.4300,2.4600
29.01.2014 00:28:27.156,1.47352,1.47152,1.7300,2.0200
29.01.2014 00:28:28.568,1.47352,1.47152,2.3700,1.7600
29.01.2014 00:28:30.072,1.47352,1.47152,2.6300,1.7400
29.01.2014 00:28:31.350,1.47352,1.47152,1.4000,2.7900
29.01.2014 00:28:32.803,1.47355,1.47155,1.5300,1.0100
29.01.2014 00:28:34.304,1.47355,1.47155,2.0800,2.8200
29.01.2014 00:28:35.590,1.47355,1.47155,2.2200,2.7400
29.01.2014 00:28:36.926,1.47357,1.47157,2.6600,2.1900
29.01.2014 00:28:38.288,1.47359,1.47159,1.6900,2.0100
29.01.2014 00:28:39.675,1.47358,1.47158,2.7100,2.8400
29.01.2014 00:28:41.082,1.47356,1.47156,2.3000,1.9800
29.01.2014 00:28:42.453,1.47355,1.47155,2.1700,2.2900
29.01.2014 00:28:43.665,1.47351,1.47151,2.3300,1.8300
29.01.2014 00:28:45.012,1.47349,1.47149,2.3200,1.7600
29.01.2014 00:28:46.546,1.47346,1.47146,1.2000,2.1000
29.01.2014 00:28:47.907,1.47345,1.47145,2.1100,1.9200
29.01.2014 00:28:49.326,1.47346,1.47146,1.0800,2.1600
29.01.2014 00:28:50.752,1.47346,1.47146,2.5000,2.4800
29.01.2014 00:28:52.106,1.47347,1.47147,1.6000,1.6400
29.01.2014 00:28:53.588,1.47348,1.47148,1.0900,2.6600
29.01.2014 00:28:55.098,1.47347,1.47147,2.2000,2.2400
29.01.2014 00:28:56.557,1.47347,1.47147,1.6400,2.6900
29.01.2014 00:28:57.915,1.47349,1.47149,1.1100,2.5600
29.01.2014 00:28:59.156,1.47347,1.47147,1.9200,1.1100
29.01.2014 00:29:00.472,1.47348,1.47148,2.2000,2.1000
29.01.2014 00:29:01.911,1.47346,1.47146,1.1900,2.2000
29.01.2014 00:29:03.254,1.47345,1.47145,1.3300,2.4300
29.01.2014 00:29:04.635,1.47343,1.47143,1.4800,2.3200
29.01.2014 00:29:06.088,1.47340,1.47140,1.6600,2.3400
29.01.2014 00:29:07.453,1.47341,1.47141,1.1800,1.7600
29.01.2014 00:29:08.729,1.47341,1.47141,1.1400,2.0100
29.01.2014 00:29:10.067,1.47340,1.47140,2.1400,1.5900
29.01.2014 00:29:11.342,1.47339,1.47139,1.3900,1.5800
29.01.2014 00:29:12.754,1.47340,1.47140,2.6800,1.1000
29.01.2014 00:29:14.048,1.47340,1.47140,1.4600,2.5900
29.01.2014 00:29:15.369,1.47340,1.47140,1.7800,1.2800
29.01.2014 00:29:16.644,1.47342,1.47142,2.4500,1.6400
29.01.2014 00:29:18.062,1.47346,1.47146,2.5400,1.1800
29.01.2014 00:29:19.220,1.47345,1.47145,1.3600,1.1700
29.01.2014 00:29:20.590,1.47344,1.47144,1.6800,2.2500
29.01.2014 00:29:21.961,1.47346,1.47146,1.1400,2.1500
29.01.2014 00:29:23.311,1.47349,1.47149,1.0600,1.7700
29.01.2014 00:29:24.722,1.47347,1.47147,2.3500,2.6400
29.01.2014 00:29:26.254,1.47347,1.47147,2.0300,2.1000
29.01.2014 00:29:27.494,1.47347,1.47147,2.4700,1.4300
29.01.2014 00:29:29.005,1.47346,1.47146,1.9500,1.0100
29.01.2014 00:29:30.499,1.47347,1.47147,2.3300,1.8300
29.01.2014 00:29:32.068,1.47344,1.47144,1.2800,2.6800
29.01.2014 00:29:33.443,1.47343,1.47143,2.4700,1.3200
29.01.2014 00:29:34.898,1.47343,1.47143,1.6900,1.3500
29.01.2014 00:29:36.415,1.47342,1.47142,1.0600,2.7500
29.01.2014 00:29:37.708,1.47345,1.47145,2.7200,2.3500
29.01.2014 00:29:39.209,1.47345,1.47145,2.3000,2.1000
29.01.2014 00:29:40.560,1.47346,1.47146,1.4100,2.7400
29.01.2014 00:29:42.071,1.47348,1.47148,2.2700,2.2000
29.01.2014 00:29:43.605,1.47350,1.47150,2.3800,2.9000
29.01.2014 00:29:44.915,1.47352,1.47152,1.6800,1.2300
29.01.2014 00:29:46.307,1.47349,1.47149,1.7700,2.4500
29.01.2014 00:29:47.705,1.47350,1.47150,1.1800,2.4300
29.01.2014 00:29:48.966,1.47349,1.47149,1.5000,1.0400
29.01.2014 00:29:50.456,1.47350,1.47150,1.7900,1.3400
29.01.2014 00:29:51.650,1.47348,1.47148,1.1400,2.0800
29.01.2014 00:29:53.109,1.47348,1.47148,1.3500,2.8900
29.01.2014 00:29:54.619,1.47346,1.47146,1.9900,2.5800
29.01.2014 00:29:56.083,1.47342,1.47142,1.9900,1.7900
29.01.2014 00:29:57.648,1.47342,1.47142,2.4600,2.9700
29.01.2014 00:29:59.172,1.47341,1.47141,2.6000,1.5400
29.01.2014 00:30:00.439,1.47341,1.47141,2.8400,2.5900
29.01.2014 00:30:01.905,1.47344,1.47144,1.5900,2.0600
29.01.2014 00:30:03.206,1.47345,1.47145,2.6500,2.8500
29.01.2014 00:30:04.631,1.47345,1.47145,1.9500,2.5400
29.01.2014 00:30:06.055,1.47345,1.47145,1.2900,2.9000
29.01.2014 00:30:07.502,1.47343,1.47143,2.9000,2.6800
29.01.2014 00:30:08.875,1.47344,1.47144,2.1600,2.2200
29.01.2014 00:30:10.418,1.47343,1.47143,1.4000,1.6200
29.01.2014 00:30:11.872,1.47345,1.47145,1.4900,1.8400
29.01.2014 00:30:13.247,1.47341,1.47141,2.7000,1.3200
29.01.2014 00:30:14.652,1.47344,1.47144,1.0400,2.5000
29.01.2014 00:30:15.939,1.47345,1.47145,1.5700,2.1900
29.01.2014 00:30:17.195,1.47343,1.47143,1.1100,2.1500
29.01.2014 00:30:18.676,1.47346,1.47146,2.8700,1.2900
29.01.2014 00:30:20.034,1.47347,1.47147,1.7400,1.6200
29.01.2014 00:30:21.338,1.47349,1.47149,1.6000,1.9300
29.01.2014 00:30:22.656,1.47351,1.47151,1.3700,1.7600
29.01.2014 00:30:24.034,1.47351,1.47151,1.1600,1.6700
29.01.2014 00:30:25.439,1.47350,1.47150,1.4000,2.6600
29.01.2014 00:30:26.723,1.47345,1.47145,1.4500,2.1300
29.01.2014 00:30:28.101,1.47346,1.47146,2.8600,2.5800
29.01.2014 00:30:29.560,1.47346,1.47146,1.8200,2.5100
29.01.2014 00:30:30.857,1.47345,1.47145,2.4300,1.5700
29.01.2014 00:30:32.340,1.47346,1.47146,2.6900,1.9800
29.01.2014 00:30:33.782,1.47345,1.47145,2.0600,2.5100
29.01.2014 00:30:35.183,1.47343,1.47143,1.1600,2.0100
29.01.2014 00:30:36.738,1.47342,1.47142,2.3500,2.8700
29.01.2014 00:30:38.196,1.47342,1.47142,2.8900,1.4000
29.01.2014 00:30:39.653,1.47342,1.47142,1.8100,1.5100
29.01.2014 00:30:40.923,1.47341,1.47141,2.0500,2.0700
29.01.2014 00:30:42.202,1.47340,1.47140,2.4900,1.9200
29.01.2014 00:30:43.718,1.47341,1.47141,1.0300,1.4500
29.01.2014 00:30:45.231,1.47341,1.47141,1.8000,2.9300
29.01.2014 00:30:46.568,1.47344,1.47144,1.9900,2.6000
29.01.2014 00:30:47.986,1.47345,1.47145,2.3700,1.6400
29.01.2014 00:30:49.314,1.47346,1.47146,2.4900,1.8800
29.01.2014 00:30:50.807,1.47346,1.47146,1.8200,2.9400
29.01.2014 00:30:52.287,1.47346,1.47146,2.7700,1.8700
29.01.2014 00:30:53.630,1.47344,1.47144,2.6900,2.2400
29.01.2014 00:30:55.036,1.47344,1.47144,2.7500,1.9400
29.01.2014 00:30:56.485,1.47346,1.47146,2.5200,2.5100
29.01.2014 00:30:57.840,1.47344,1.47144,1.9100,2.5300
29.01.2014 00:30:59.201,1.47345,1.47145,1.1100,2.8200
29.01.2014 00:31:00.552,1.47344,1.47144,1.3000,1.4100
29.01.2014 00:31:01.888,1.47343,1.47143,2.0300,2.0700
29.01.2014 00:31:03.084,1.47344,1.47144,2.5900,2.2100
29.01.2014 00:31:04.529,1.47342,1.47142,2.9600,1.6400
29.01.2014 00:31:05.964,1.47342,1.47142,2.3400,1.1500
29.01.2014 00:31:07.414,1.47340,1.47140,2.7400,2.6700
29.01.2014 00:31:08.842,1.47340,1.47140,1.4300,2.0000
29.01.2014 00:31:10.107,1.47341,1.47141,1.9400,2.0300
29.01.2014 00:31:11.447,1.47341,1.47141,2.4300,1.3700
29.01.2014 00:31:12.602,1.47343,1.47143,1.3000,1.8600
29.01.2014 00:31:14.104,1.47344,1.47144,2.3000,1.3700
29.01.2014 00:31:15.552,1.47346,1.47146,2.9400,2.1500
29.01.2014 00:31:16.858,1.47346,1.47146,1.8700,2.1500
29.01.2014 00:31:18.266,1.47348,1.47148,2.3100,2.2200
29.01.2014 00:31:19.709,1.47350,1.47150,2.8300,2.8700
29.01.2014 00:31:21.162,1.47348,1.47148,1.6200,1.1100
29.01.2014 00:31:22.628,1.47348,1.47148,1.6400,1.8000
29.01.2014 00:31:23.903,1.47347,1.47147,2.0600,2.1500
29.01.2014 00:31:25.407,1.47348,1.47148,2.3100,2.0300
29.01.2014 00:31:26.577,1.47347,1.47147,1.9400,2.6200
29.01.2014 00:31:27.893,1.47348,1.47148,2.8000,1.7000
29.01.2014 00:31:29.214,1.47348,1.47148,1.4000,1.7400
29.01.2014 00:31:30.573,1.47347,1.47147,1.8800,1.9100
29.01.2014 00:31:31.950,1.47347,1.47147,2.7400,2.9900
29.01.2014 00:31:33.453,1.47348,1.47148,2.8200,2.1100
29.01.2014 00:31:34.902,1.47346,1.47146,2.5500,1.7400
29.01.2014 00:31:36.118,1.47343,1.47143,1.9000,2.1900
29.01.2014 00:31:37.474,1.47343,1.47143,1.8800,2.7800
29.01.2014 00:31:38.881,1.47345,1.47145,1.7600,2.1600
29.01.2014 00:31:40.259,1.47344,1.47144,2.0600,1.0900
29.01.2014 00:31:41.716,1.47346,1.47146,2.6300,2.2200
29.01.2014 00:31:43.069,1.47347,1.47147,1.9100,1.5800
29.01.2014 00:31:44.303,1.47346,1.47146,1.1100,2.8000
29.01.2014 00:31:45.431,1.47345,1.47145,2.8400,2.6300
29.01.2014 00:31:46.785,1.47345,1.47145,1.0400,2.7700
29.01.2014 00:31:48.122,1.47343,1.47143,2.1300,1.6600
29.01.2014 00:31:49.558,1.47344,1.47144,1.6000,2.3500
29.01.2014 00:31:50.947,1.47343,1.47143,1.0100,1.0800
29.01.2014 00:31:52.318,1.47346,1.47146,1.7000,2.1700
29.01.2014 00:31:53.689,1.47345,1.47145,2.9000,1.2800
29.01.2014 00:31:55.081,1.47343,1.47143,2.0700,1.3100
29.01.2014 00:31:56.348,1.47345,1.47145,1.3500,1.8200
29.01.2014 00:31:57.849,1.47345,1.47145,2.7200,1.3000
29.01.2014 00:31:59.227,1.47347,1.47147,2.5900,2.4300
29.01.2014 00:32:00.471,1.47347,1.47147,2.7100,2.9200
29.01.2014 00:32:01.745,1.47349,1.47149,2.0500,1.1100
29.01.2014 00:32:03.142,1.47353,1.47153,1.9100,2.7300
29.01.2014 00:32:04.522,1.47352,1.47152,2.6600,2.0900
29.01.2014 00:32:05.826,1.47353,1.47153,1.6700,2.1700
29.01.2014 00:32:07.179,1.47355,1.47155,1.8900,2.1900
29.01.2014 00:32:08.733,1.47354,1.47154,2.9200,2.7400
29.01.2014 00:32:10.116,1.47356,1.47156,1.9100,1.7000
29.01.2014 00:32:11.603,1.47355,1.47155,2.4100,1.4000
29.01.2014 00:32:12.981,1.47358,1.47158,2.9300,1.3500
29.01.2014 00:32:14.481,1.47357,1.47157,2.1600,2.6500
29.01.2014 00:32:15.883,1.47357,1.47157,1.7000,2.3600
29.01.2014 00:32:17.045,1.47356,1.47156,2.6100,2.1100
29.01.2014 00:32:18.372,1.47355,1.47155,1.6000,1.8500
29.01.2014 00:32:19.669,1.47356,1.47156,1.8900,2.7200
29.01.2014 00:32:21.092,1.47356,1.47156,2.5900,2.7200
29.01.2014 00:32:22.466,1.47354,1.47154,1.1200,2.6300
29.01.2014 00:32:23.789,1.47356,1.47156,1.7400,2.6100
29.01.2014 00:32:25.161,1.47356,1.47156,1.1000,1.2800
29.01.2014 00:32:26.594,1.47355,1.47155,1.2300,2.3800
29.01.2014 00:32:28.050,1.47353,1.47153,2.2300,2.0000
29.01.2014 00:32:29.615,1.47353,1.47153,2.2800,1.1900
29.01.2014 00:32:31.236,1.47354,1.47154,1.6900,2.6200
29.01.2014 00:32:32.796,1.47355,1.47155,1.4500,1.0200
29.01.2014 00:32:34.123,1.47357,1.47157,1.7000,1.1400
29.01.2014 00:32:35.563,1.47358,1.47158,1.6400,1.3300
29.01.2014 00:32:37.008,1.47357,1.47157,1.3100,2.3700
29.01.2014 00:32:38.607,1.47358,1.47158,1.2900,1.6500
29.01.2014 00:32:40.012,1.47357,1.47157,1.5200,2.4400
29.01.2014 00:32:41.451,1.47358,1.47158,2.2200,2.2700
29.01.2014 00:32:42.971,1.47357,1.47157,1.3700,1.8400
29.01.2014 00:32:44.400,1.47358,1.47158,1.2900,1.7600
29.01.2014 00:32:45.778,1.47358,1.47158,1.3500,1.8200
29.01.2014 00:32:47.143,1.47360,1.47160,2.8300,2.8900
29.01.2014 00:32:48.527,1.47362,1.47162,2.6500,2.6300
29.01.2014 00:32:50.029,1.47362,1.47162,1.9400,1.4900
29.01.2014 00:32:51.360,1.47362,1.47162,2.6400,1.2100
29.01.2014 00:32:52.705,1.47364,1.47164,1.6100,1.0300
29.01.2014 00:32:54.133,1.47362,1.47162,1.0900,1.0300
29.01.2014 00:32:55.549,1.47364,1.47164,1.7200,1.6300
29.01.2014 00:32:56.852,1.47363,1.47163,1.7700,2.3100
29.01.2014 00:32:58.339,1.47362,1.47162,2.2000,2.3500
29.01.2014 00:32:59.570,1.47360,1.47160,2.1200,1.4200
29.01.2014 00:33:00.993,1.47359,1.47159,2.3600,2.6200
29.01.2014 00:33:02.315,1.47360,1.47160,2.9700,2.4300
29.01.2014 00:33:03.936,1.47362,1.47162,2.3700,2.2800
29.01.2014 00:33:05.380,1.47362,1.47162,2.0700,1.6800
29.01.2014 00:33:06.885,1.47362,1.47162,2.0700,2.9100
29.01.2014 00:33:08.297,1.47361,1.47161,1.3100,1.2000
29.01.2014 00:33:09.905,1.47364,1.47164,1.6000,1.9700
29.01.2014 00:33:11.173,1.47363,1.47163,1.6700,2.6500
29.01.2014 00:33:12.519,1.47362,1.47162,1.5900,2.6400
29.01.2014 00:33:13.854,1.47362,1.47162,2.4400,2.0400
29.01.2014 00:33:15.248,1.47361,1.47161,1.2000,1.9400
29.01.2014 00:33:16.664,1.47361,1.47161,2.2000,2.7900
29.01.2014 00:33:18.002,1.47363,1.47163,2.3500,1.9100
29.01.2014 00:33:19.374,1.47362,1.47162,2.6400,1.6200
29.01.2014 00:33:20.925,1.47362,1.47162,1.6400,2.7800
29.01.2014 00:33:22.214,1.47362,1.47162,1.3200,2.4600
29.01.2014 00:33:23.440,1.47362,1.47162,1.9300,2.1600
29.01.2014 00:33:24.929,1.47364,1.47164,1.8800,2.1500
29.01.2014 00:33:26.405,1.47364,1.47164,1.4000,2.2500
29.01.2014 00:33:27.842,1.47363,1.47163,2.5700,2.5600
29.01.2014 00:33:29.229,1.47361,1.47161,1.6800,2.3000
29.01.2014 00:33:30.714,1.47363,1.47163,1.8000,1.2500
29.01.2014 00:33:31.936,1.47362,1.47162,2.2500,2.6100
29.01.2014 00:33:33.235,1.47363,1.47163,1.1200,2.6400
29.01.2014 00:33:34.755,1.47363,1.47163,2.5000,2.7100
29.01.2014 00:33:36.138,1.47360,1.47160,1.0200,1.0700
29.01.2014 00:33:37.572,1.47360,1.47160,1.4800,2.5400
29.01.2014 00:33:38.899,1.47362,1.47162,1.4700,1.9000
29.01.2014 00:33:40.197,1.47361,1.47161,2.4200,2.1700
29.01.2014 00:33:41.708,1.47358,1.47158,2.1300,2.6900
29.01.2014 00:33:43.215,1.47356,1.47156,2.8900,2.8400
29.01.2014 00:33:44.698,1.47355,1.47155,1.6000,2.5500
29.01.2014 00:33:46.111,1.47353,1.47153,1.3100,2.6100
29.01.2014 00:33:47.573,1.47353,1.47153,1.5100,2.8000
29.01.2014 00:33:48.946,1.47355,1.47155,2.4700,1.4800
29.01.2014 00:33:50.266,1.47357,1.47157,2.1600,1.8500
29.01.2014 00:33:51.696,1.47356,1.47156,1.5900,1.6100
29.01.2014 00:33:53.114,1.47353,1.47153,1.5100,2.1500
29.01.2014 00:33:54.555,1.47353,1.47153,1.3300,1.8900
29.01.2014 00:33:55.758,1.47352,1.47152,2.6100,2.0200
29.01.2014 00:33:57.134,1.47352,1.47152,1.9500,1.2400
29.01.2014 00:33:58.575,1.47352,1.47152,2.3700,2.7100
29.01.2014 00:33:59.953,1.47353,1.47153,2.3200,2.0000
29.01.2014 00:34:01.445,1.47353,1.47153,1.8400,1.6700
29.01.2014 00:34:02.890,1.47354,1.47154,2.9800,2.1900
29.01.2014 00:34:04.280,1.47353,1.47153,2.3600,1.5800
29.01.2014 00:34:05.606,1.47357,1.47157,2.4300,2.1500
29.01.2014 00:34:06.979,1.47359,1.47159,1.7100,1.7200
29.01.2014 00:34:08.389,1.47359,1.47159,2.3000,1.7200
29.01.2014 00:34:09.787,1.47357,1.47157,1.4300,1.2100
29.01.2014 00:34:11.266,1.47355,1.47155,1.8500,1.8200
29.01.2014 00:34:12.651,1.47355,1.47155,1.0100,2.3200
29.01.2014 00:34:13.906,1.47357,1.47157,2.0300,1.6600
29.01.2014 00:34:15.363,1.47356,1.47156,1.7200,2.3700
29.01.2014 00:34:16.767,1.47355,1.47155,1.9600,1.6800
29.01.2014 00:34:18.145,1.47355,1.47155,1.5100,1.8500
29.01.2014 00:34:19.454,1.47356,1.47156,1.4200,1.7500
29.01.2014 00:34:20.563,1.47358,1.47158,2.5900,2.8000
29.01.2014 00:34:22.039,1.47357,1.47157,2.0200,1.3800
29.01.2014 00:34:23.505,1.47355,1.47155,2.3000,2.2800
29.01.2014 00:34:24.895,1.47353,1.47153,1.1200,2.6600
29.01.2014 00:34:26.325,1.47356,1.47156,2.1100,2.2000
29.01.2014 00:34:27.587,1.47357,1.47157,2.2000,2.5100
29.01.2014 00:34:29.004,1.47357,1.47157,1.1800,2.7600
29.01.2014 00:34:30.388,1.47358,1.47158,2.3100,1.9500
29.01.2014 00:34:31.864,1.47361,1.47161,1.6100,1.8800
29.01.2014 00:34:33.258,1.47361,1.47161,1.5600,2.9900
29.01.2014 00:34:34.333,1.47362,1.47162,1.9700,2.7800
29.01.2014 00:34:35.843,1.47365,1.47165,2.9200,2.4300
29.01.2014 00:34:37.125,1.47367,1.47167,1.7500,2.0300
29.01.2014 00:34:38.661,1.47368,1.47168,2.2200,1.0200
29.01.2014 00:34:40.180,1.47368,1.47168,1.0700,2.9700
29.01.2014 00:34:41.583,1.47368,1.47168,2.7600,1.6200
29.01.2014 00:34:43.074,1.47370,1.47170,1.3200,1.8300
29.01.2014 00:34:44.370,1.47367,1.47167,1.4100,2.5300
29.01.2014 00:34:45.743,1.47369,1.47169,2.7300,2.8900
29.01.2014 00:34:47.075,1.47368,1.47168,2.7200,2.4000
29.01.2014 00:34:48.404,1.47369,1.47169,1.2500,1.5900
29.01.2014 00:34:49.794,1.47371,1.47171,2.2100,1.1800
29.01.2014 00:34:51.152,1.47371,1.47171,2.3300,1.6400
29.01.2014 00:34:52.603,1.47368,1.47168,1.6000,1.8500
29.01.2014 00:34:53.838,1.47371,1.47171,1.1300,1.8800
29.01.2014 00:34:55.213,1.47374,1.47174,2.8600,2.4600
29.01.2014 00:34:56.805,1.47377,1.47177,1.4600,2.5300
29.01.2014 00:34:58.196,1.47379,1.47179,2.5100,2.6400
29.01.2014 00:34:59.433,1.47381,1.47181,2.3800,2.6800
29.01.2014 00:35:00.698,1.47383,1.47183,1.0300,2.0700
29.01.2014 00:35:02.213,1.47381,1.47181,2.8000,1.5000
29.01.2014 00:35:03.544,1.47382,1.47182,1.2900,1.4700
29.01.2014 00:35:04.932,1.47383,1.47183,1.9300,2.4000
29.01.2014 00:35:06.413,1.47383,1.47183,2.9300,2.2700
29.01.2014 00:35:07.680,1.47385,1.47185,1.7400,1.1600
29.01.2014 00:35:09.003,1.47384,1.47184,1.9300,1.8400
29.01.2014 00:35:10.322,1.47385,1.47185,1.0100,2.5700
29.01.2014 00:35:11.744,1.47387,1.47187,1.4200,2.1400
29.01.2014 00:35:13.167,1.47389,1.47189,2.4000,1.3500
29.01.2014 00:35:14.488,1.47389,1.47189,1.0900,1.4900
29.01.2014 00:35:15.932,1.47390,1.47190,1.1500,2.3800
29.01.2014 00:35:17.390,1.47393,1.47193,2.4500,1.1600
29.01.2014 00:35:18.993,1.47393,1.47193,2.6500,1.8800
29.01.2014 00:35:20.440,1.47393,1.47193,2.2200,1.1200
29.01.2014 00:35:21.869,1.47394,1.47194,2.2600,1.3800
29.01.2014 00:35:23.195,1.47394,1.47194,1.6600,2.3700
29.01.2014 00:35:24.806,1.47395,1.47195,1.9100,1.4400
29.01.2014 00:35:26.123,1.47396,1.47196,2.3600,2.6600
29.01.2014 00:35:27.514,1.47395,1.47195,1.6600,1.7100
29.01.2014 00:35:28.695,1.47394,1.47194,1.2300,1.7900
29.01.2014 00:35:30.211,1.47397,1.47197,2.1800,1.7000
29.01.2014 00:35:31.631,1.47397,1.47197,1.5600,2.9600
29.01.2014 00:35:33.067,1.47397,1.47197,2.0900,2.2900
29.01.2014 00:35:34.605,1.47398,1.47198,1.2300,1.7700
29.01.2014 00:35:36.008,1.47399,1.47199,2.0500,2.0500
29.01.2014 00:35:37.483,1.47401,1.47201,1.2900,1.4900
29.01.2014 00:35:38.909,1.47403,1.47203,2.1200,1.8400
29.01.2014 00:35:40.279,1.47403,1.47203,1.1100,1.7800
29.01.2014 00:35:41.691,1.47403,1.47203,1.0900,1.6800
29.01.2014 00:35:43.170,1.47405,1.47205,1.1200,2.8600
29.01.2014 00:35:44.525,1.47406,1.47206,1.6900,1.1500
29.01.2014 00:35:45.945,1.47409,1.47209,1.7600,2.2800
29.01.2014 00:35:47.378,1.47408,1.47208,1.4500,2.6700
29.01.2014 00:35:48.783,1.47408,1.47208,1.5000,2.6900
29.01.2014 00:35:50.273,1.47409,1.47209,1.3600,2.0700
29.01.2014 00:35:51.621,1.47410,1.47210,1.8400,1.2300
29.01.2014 00:35:53.238,1.47408,1.47208,1.4400,2.1400
29.01.2014 00:35:54.681,1.47408,1.47208,2.4200,1.4100
29.01.2014 00:35:56.016,1.47408,1.47208,2.8300,2.7800
29.01.2014 00:35:57.353,1.47408,1.47208,2.8300,2.9500
29.01.2014 00:35:58.685,1.47409,1.47209,1.3200,1.3200
29.01.2014 00:36:00.167,1.47407,1.47207,2.5700,2.8600
29.01.2014 00:36:01.455,1.47407,1.47207,2.1900,2.0300
29.01.2014 00:36:02.807,1.47405,1.47205,1.6500,1.2400
29.01.2014 00:36:04.213,1.47406,1.47206,2.8800,2.0500
29.01.2014 00:36:05.453,1.47407,1.47207,2.7100,2.7500
29.01.2014 00:36:06.796,1.47406,1.47206,2.0800,1.2700
29.01.2014 00:36:08.040,1.47405,1.47205,1.1000,1.2100
29.01.2014 00:36:09.436,1.47405,1.47205,1.9500,1.8800
29.01.2014 00:36:10.884,1.47405,1.47205,1.2500,2.0600
29.01.2014 00:36:12.483,1.47407,1.47207,2.6300,2.9000
29.01.2014 00:36:13.889,1.47405,1.47205,1.7100,2.1600
29.01.2014 00:36:15.282,1.47406,1.47206,2.2000,1.4900
29.01.2014 00:36:16.635,1.47405,1.47205,2.5100,1.9200
29.01.2014 00:36:18.019,1.47403,1.47203,2.7300,2.7900
29.01.2014 00:36:19.467,1.47402,1.47202,2.9600,1.5600
29.01.2014 00:36:20.907,1.47402,1.47202,2.2300,2.4400
29.01.2014 00:36:22.229,1.47404,1.47204,1.7400,1.2100
29.01.2014 00:36:23.613,1.47403,1.47203,1.3700,1.7900
29.01.2014 00:36:25.047,1.47402,1.47202,2.5600,1.4900
29.01.2014 00:36:26.517,1.47403,1.47203,1.1200,1.4200
29.01.2014 00:36:27.918,1.47404,1.47204,1.6800,1.1900
29.01.2014 00:36:29.308,1.47404,1.47204,1.6900,1.9200
29.01.2014 00:36:30.779,1.47402,1.47202,2.2400,2.8500
29.01.2014 00:36:32.368,1.47403,1.47203,2.7600,2.2000
29.01.2014 00:36:33.684,1.47402,1.47202,1.9900,1.8800
29.01.2014 00:36:35.167,1.47405,1.47205,1.4400,1.9100
29.01.2014 00:36:36.401,1.47406,1.47206,1.6800,1.3900
29.01.2014 00:36:37.714,1.47406,1.47206,1.5300,2.4000
29.01.2014 00:36:39.040,1.47405,1.47205,1.4400,2.5800
29.01.2014 00:36:40.618,1.47407,1.47207,2.4800,2.0100
29.01.2014 00:36:41.923,1.47409,1.47209,2.3300,1.9400
29.01.2014 00:36:43.412,1.47408,1.47208,2.9100,2.9900
29.01.2014 00:36:44.795,1.47410,1.47210,1.8600,2.7300
29.01.2014 00:36:46.077,1.47413,1.47213,1.5300,1.8300
29.01.2014 00:36:47.196,1.47414,1.47214,2.3500,2.1900
29.01.2014 00:36:48.517,1.47417,1.47217,2.6200,1.1700
29.01.2014 00:36:50.027,1.47420,1.47220,2.9800,1.1700
29.01.2014 00:36:51.340,1.47418,1.47218,2.0500,2.4900
29.01.2014 00:36:52.903,1.47417,1.47217,1.9100,1.5500
29.01.2014 00:36:54.402,1.47418,1.47218,2.7000,1.9300
29.01.2014 00:36:55.826,1.47418,1.47218,2.5800,1.7600
29.01.2014 00:36:57.239,1.47417,1.47217,2.6400,1.4900
29.01.2014 00:36:58.524,1.47418,1.47218,1.4700,2.9200
29.01.2014 00:37:00.090,1.47420,1.47220,1.9300,2.0300
29.01.2014 00:37:01.587,1.47420,1.47220,1.5400,1.5200
29.01.2014 00:37:02.845,1.47418,1.47218,1.8800,2.1300
29.01.2014 00:37:04.140,1.47418,1.47218,1.4200,2.8600
29.01.2014 00:37:05.545,1.47416,1.47216,2.4000,2.2600
29.01.2014 00:37:07.012,1.47416,1.47216,1.8300,2.3500
29.01.2014 00:37:08.394,1.47416,1.47216,2.4900,1.2200
29.01.2014 00:37:09.861,1.47414,1.47214,1.9700,2.8400
29.01.2014 00:37:11.391,1.47416,1.47216,1.3200,1.1600
29.01.2014 00:37:12.924,1.47413,1.47213,1.1800,1.8500
29.01.2014 00:37:14.179,1.47411,1.47211,2.6400,1.5600
29.01.2014 00:37:15.512,1.47410,1.47210,2.5900,2.8000
29.01.2014 00:37:16.911,1.47410,1.47210,2.3500,1.6500
29.01.2014 00:37:18.411,1.47407,1.47207,1.7600,2.6900
29.01.2014 00:37:19.661,1.47409,1.47209,2.1900,1.7900
29.01.2014 00:37:21.217,1.47410,1.47210,1.3100,1.5000
29.01.2014 00:37:22.616,1.47407,1.47207,1.8400,2.2600
29.01.2014 00:37:23.988,1.47411,1.47211,2.5700,1.8600
29.01.2014 00:37:25.290,1.47409,1.47209,2.8400,1.3800
29.01.2014 00:37:26.699,1.47410,1.47210,1.0100,2.5300
29.01.2014 00:37:28.046,1.47411,1.47211,2.7300,2.7500
29.01.2014 00:37:29.545,1.47412,1.47212,1.2300,1.2500
29.01.2014 00:37:31.049,1.47412,1.47212,1.5200,2.2500
29.01.2014 00:37:32.557,1.47414,1.47214,2.4200,1.9800
29.01.2014 00:37:33.997,1.47415,1.47215,1.4600,2.9200
29.01.2014 00:37:35.410,1.47415,1.47215,2.7400,2.6500
29.01.2014 00:37:36.820,1.47416,1.47216,2.9000,1.7600
29.01.2014 00:37:38.237,1.47417,1.47217,2.5800,2.2100
29.01.2014 00:37:39.618,1.47415,1.47215,2.1300,1.8200
29.01.2014 00:37:41.028,1.47417,1.47217,2.9800,1.0400
29.01.2014 00:37:42.305,1.47417,1.47217,2.7400,2.2800
29.01.2014 00:37:43.597,1.47415,1.47215,1.8000,1.4100
29.01.2014 00:37:45.136,1.47416,1.47216,1.8800,1.0400
29.01.2014 00:37:46.510,1.47415,1.47215,2.9800,2.2100
29.01.2014 00:37:47.735,1.47416,1.47216,1.7500,2.6000
29.01.2014 00:37:49.128,1.47414,1.47214,1.2800,2.2100
29.01.2014 00:37:50.534,1.47413,1.47213,2.5100,2.4500
29.01.2014 00:37:51.901,1.47412,1.47212,2.1600,1.2400
29.01.2014 00:37:53.363,1.47414,1.47214,2.9500,2.6700
29.01.2014 00:37:54.742,1.47416,1.47216,2.4600,1.4800
29.01.2014 00:37:56.078,1.47418,1.47218,2.3300,2.9900
29.01.2014 00:37:57.534,1.47418,1.47218,2.0000,2.2500
29.01.2014 00:37:59.021,1.47420,1.47220,1.1500,1.8000
29.01.2014 00:38:00.560,1.47421,1.47221,1.6000,1.9700
29.01.2014 00:38:01.948,1.47420,1.47220,1.4700,1.7400
29.01.2014 00:38:03.346,1.47420,1.47220,1.5400,2.5000
29.01.2014 00:38:04.766,1.47420,1.47220,2.6300,1.5000
29.01.2014 00:38:06.134,1.47417,1.47217,2.6100,2.3200
29.01.2014 00:38:07.631,1.47416,1.47216,2.4600,1.1100
29.01.2014 00:38:08.961,1.47416,1.47216,1.9900,1.0500
29.01.2014 00:38:10.225,1.47417,1.47217,1.7500,2.8400
29.01.2014 00:38:11.629,1.47415,1.47215,1.3000,2.0600
29.01.2014 00:38:12.883,1.47416,1.47216,2.5600,1.3400
29.01.2014 00:38:14.211,1.47416,1.47216,2.1700,1.8400
29.01.2014 00:38:15.547,1.47417,1.47217,2.0600,2.8400
29.01.2014 00:38:17.124,1.47416,1.47216,2.5000,1.3700
29.01.2014 00:38:18.731,1.47417,1.47217,1.2400,2.7100
29.01.2014 00:38:20.127,1.47418,1.47218,2.9700,2.4100
29.01.2014 00:38:21.425,1.47419,1.47219,2.9500,2.1300
29.01.2014 00:38:22.798,1.47418,1.47218,2.6200,2.0800
29.01.2014 00:38:24.230,1.47418,1.47218,2.3600,2.9400
29.01.2014 00:38:25.557,1.47417,1.47217,1.2300,2.0200
29.01.2014 00:38:26.964,1.47420,1.47220,2.7700,2.0600
29.01.2014 00:38:28.288,1.47417,1.47217,1.1000,2.6100
29.01.2014 00:38:29.581,1.47415,1.47215,2.4300,2.7800
29.01.2014 00:38:30.954,1.47414,1.47214,2.8400,1.8300
29.01.2014 00:38:32.537,1.47416,1.47216,1.2200,1.2200
29.01.2014 00:38:34.015,1.47413,1.47213,2.6600,2.0800
29.01.2014 00:38:35.291,1.47414,1.47214,2.3100,2.1700
29.01.2014 00:38:36.857,1.47413,1.47213,1.5500,1.9200
29.01.2014 00:38:38.369,1.47413,1.47213,1.2900,1.9100
29.01.2014 00:38:39.744,1.47411,1.47211,1.9100,1.5800
29.01.2014 00:38:41.014,1.47412,1.47212,1.2500,1.9300
29.01.2014 00:38:42.455,1.47409,1.47209,1.8900,2.9200
29.01.2014 00:38:44.011,1.47411,1.47211,1.2600,2.1800
29.01.2014 00:38:45.529,1.47414,1.47214,2.2500,1.4200
29.01.2014 00:38:46.703,1.47411,1.47211,2.6800,2.1100
29.01.2014 00:38:48.224,1.47413,1.47213,2.9700,1.9600
29.01.2014 00:38:49.775,1.47413,1.47213,1.5200,2.7500
29.01.2014 00:38:51.128,1.47414,1.47214,1.8000,2.0400
29.01.2014 00:38:52.629,1.47417,1.47217,1.3600,2.3800
29.01.2014 00:38:54.148,1.47416,1.47216,1.6400,1.0400
29.01.2014 00:38:55.616,1.47414,1.47214,1.4100,1.3300
29.01.2014 00:38:57.093,1.47412,1.47212,2.7200,1.7600
29.01.2014 00:38:58.506,1.47410,1.47210,2.5900,2.6600
29.01.2014 00:38:59.863,1.47411,1.47211,1.1000,1.2000
29.01.2014 00:39:01.156,1.47409,1.47209,1.9000,2.2400
29.01.2014 00:39:02.405,1.47409,1.47209,1.9200,1.8300
29.01.2014 00:39:03.875,1.47411,1.47211,2.5100,1.6600
29.01.2014 00:39:05.115,1.47411,1.47211,2.8400,1.0600
29.01.2014 00:39:06.468,1.47408,1.47208,1.8800,2.2600
29.01.2014 00:39:07.854,1.47405,1.47205,1.8500,1.8500
29.01.2014 00:39:09.287,1.47405,1.47205,2.4000,2.5200
29.01.2014 00:39:10.539,1.47406,1.47206,2.6500,1.9200
29.01.2014 00:39:11.980,1.47405,1.47205,1.0300,2.1900
29.01.2014 00:39:13.493,1.47405,1.47205,1.5200,1.4300
29.01.2014 00:39:15.026,1.47403,1.47203,1.2800,1.6000
29.01.2014 00:39:16.434,1.47403,1.47203,1.9500,1.8500
29.01.2014 00:39:17.869,1.47404,1.47204,1.4000,2.5700
29.01.2014 00:39:19.116,1.47402,1.47202,1.2600,2.5400
29.01.2014 00:39:20.404,1.47403,1.47203,1.8800,1.8700
29.01.2014 00:39:21.764,1.47404,1.47204,1.4900,1.4000
29.01.2014 00:39:23.258,1.47405,1.47205,1.9800,1.1500
29.01.2014 00:39:24.794,1.47401,1.47201,2.8300,2.2200
29.01.2014 00:39:25.917,1.47402,1.47202,2.1300,1.3900
29.01.2014 00:39:27.330,1.47402,1.47202,1.1700,2.7100
29.01.2014 00:39:28.748,1.47404,1.47204,1.3500,1.8900
29.01.2014 00:39:30.198,1.47405,1.47205,2.3300,1.5000
29.01.2014 00:39:31.583,1.47407,1.47207,2.4800,1.3500
29.01.2014 00:39:32.924,1.47408,1.47208,2.7500,1.4700
29.01.2014 00:39:34.349,1.47404,1.47204,1.9900,2.4200
29.01.2014 00:39:35.844,1.47402,1.47202,2.0100,1.0800
29.01.2014 00:39:37.227,1.47405,1.47205,1.3600,2.8700
29.01.2014 00:39:38.534,1.47405,1.47205,2.9400,2.6900
29.01.2014 00:39:39.947,1.47404,1.47204,2.6000,2.7200
29.01.2014 00:39:41.365,1.47404,1.47204,1.7300,2.1800
29.01.2014 00:39:42.604,1.47405,1.47205,1.8800,2.6200
29.01.2014 00:39:43.928,1.47402,1.47202,1.4100,1.6900
29.01.2014 00:39:45.310,1.47403,1.47203,2.2400,2.5300
29.01.2014 00:39:46.726,1.47400,1.47200,1.3300,2.7900
29.01.2014 00:39:48.245,1.47401,1.47201,1.0500,1.8100
29.01.2014 00:39:49.554,1.47401,1.47201,2.3200,2.2800
29.01.2014 00:39:50.870,1.47401,1.47201,1.3700,1.6600
29.01.2014 00:39:52.435,1.47405,1.47205,1.8800,1.1100
29.01.2014 00:39:53.991,1.47403,1.47203,1.3800,2.7800
29.01.2014 00:39:55.332,1.47400,1.47200,2.4800,1.3100
29.01.2014 00:39:56.693,1.47398,1.47198,2.7900,1.3100
29.01.2014 00:39:58.169,1.47402,1.47202,2.8300,1.2100
29.01.2014 00:39:59.664,1.47403,1.47203,1.8300,1.6700
29.01.2014 00:40:01.091,1.47405,1.47205,2.4600,2.7900
29.01.2014 00:40:02.554,1.47407,1.47207,1.8000,2.7100
29.01.2014 00:40:03.823,1.47406,1.47206,2.1200,1.6200
29.01.2014 00:40:05.120,1.47407,1.47207,2.1800,2.3900
29.01.2014 00:40:06.532,1.47408,1.47208,1.7600,1.7500
29.01.2014 00:40:07.889,1.47407,1.47207,1.0200,2.3600
29.01.2014 00:40:09.431,1.47405,1.47205,1.8100,2.5800
29.01.2014 00:40:10.764,1.47403,1.47203,1.3500,2.6000
29.01.2014 00:40:12.047,1.47403,1.47203,1.7300,1.0800
29.01.2014 00:40:13.565,1.47403,1.47203,1.6000,2.6400
29.01.2014 00:40:15.046,1.47402,1.47202,1.0500,2.4900
29.01.2014 00:40:16.703,1.47401,1.47201,1.4400,2.7400
29.01.2014 00:40:18.055,1.47401,1.47201,1.1700,1.1700
29.01.2014 00:40:19.547,1.47400,1.47200,2.3400,2.1700
29.01.2014 00:40:20.807,1.47399,1.47199,2.9700,1.0000
29.01.2014 00:40:22.206,1.47400,1.47200,2.9000,1.6000
29.01.2014 00:40:23.600,1.47401,1.47201,2.1300,1.9300
29.01.2014 00:40:25.164,1.47402,1.47202,2.6300,1.1400
29.01.2014 00:40:26.396,1.47404,1.47204,2.1300,2.7900
29.01.2014 00:40:27.763,1.47401,1.47201,1.0100,1.6900
29.01.2014 00:40:29.267,1.47402,1.47202,1.8600,1.1400
29.01.2014 00:40:30.551,1.47402,1.47202,2.4800,1.5900
29.01.2014 00:40:31.887,1.47402,1.47202,1.1400,1.1500
29.01.2014 00:40:33.251,1.47402,1.47202,1.0800,1.6200
29.01.2014 00:40:34.747,1.47401,1.47201,2.6500,2.6800
29.01.2014 00:40:36.033,1.47401,1.47201,1.4000,1.2500
29.01.2014 00:40:37.510,1.47401,1.47201,2.4500,2.1000
29.01.2014 00:40:38.953,1.47397,1.47197,1.3700,1.0500
29.01.2014 00:40:40.459,1.47398,1.47198,2.4600,2.4600
29.01.2014 00:40:41.904,1.47398,1.47198,2.4200,1.9000
29.01.2014 00:40:43.294,1.47400,1.47200,1.2700,1.2800
29.01.2014 00:40:44.815,1.47401,1.47201,1.5100,2.6300
29.01.2014 00:40:46.311,1.47400,1.47200,1.2300,2.1200
29.01.2014 00:40:47.659,1.47400,1.47200,1.4100,2.9000
29.01.2014 00:40:49.032,1.47400,1.47200,1.5100,1.1300
29.01.2014 00:40:50.372,1.47402,1.47202,1.0500,2.4900
29.01.2014 00:40:51.823,1.47402,1.47202,2.5900,1.1900
29.01.2014 00:40:53.242,1.47402,1.47202,2.3300,1.0800
29.01.2014 00:40:54.584,1.47399,1.47199,2.4000,2.3000
29.01.2014 00:40:56.054,1.47400,1.47200,2.3200,2.4700
29.01.2014 00:40:57.657,1.47399,1.47199,1.4300,2.6600
29.01.2014 00:40:59.045,1.47398,1.47198,1.8200,2.2400
29.01.2014 00:41:00.635,1.47397,1.47197,1.3500,1.5000
29.01.2014 00:41:01.929,1.47399,1.47199,1.4300,2.2500
29.01.2014 00:41:03.387,1.47398,1.47198,1.4500,1.7400
29.01.2014 00:41:04.786,1.47397,1.47197,1.5700,2.5600
29.01.2014 00:41:06.091,1.47393,1.47193,2.4600,1.7100
29.01.2014 00:41:07.606,1.47391,1.47191,2.4500,2.0500
29.01.2014 00:41:08.974,1.47390,1.47190,1.8900,2.6200
29.01.2014 00:41:10.419,1.47391,1.47191,1.0100,1.7300
29.01.2014 00:41:11.804,1.47392,1.47192,1.8700,1.4300
29.01.2014 00:41:13.326,1.47393,1.47193,1.0700,1.9100
29.01.2014 00:41:14.691,1.47392,1.47192,2.0900,2.8800
29.01.2014 00:41:16.087,1.47394,1.47194,1.2200,1.0100
29.01.2014 00:41:17.490,1.47395,1.47195,2.4500,2.3100
29.01.2014 00:41:18.918,1.47394,1.47194,2.4400,1.2400
29.01.2014 00:41:20.290,1.47394,1.47194,1.3600,2.1900
29.01.2014 00:41:21.668,1.47393,1.47193,1.0800,1.8800
29.01.2014 00:41:23.198,1.47396,1.47196,1.7800,1.1900
29.01.2014 00:41:24.572,1.47393,1.47193,1.6700,1.4800
29.01.2014 00:41:25.965,1.47393,1.47193,1.7400,2.5100
29.01.2014 00:41:27.243,1.47392,1.47192,1.4800,1.3600
29.01.2014 00:41:28.662,1.47392,1.47192,1.5100,2.3800
29.01.2014 00:41:30.090,1.47392,1.47192,2.9800,2.9600
29.01.2014 00:41:31.389,1.47391,1.47191,1.8000,1.1500
29.01.2014 00:41:32.764,1.47391,1.47191,1.6000,1.8800
29.01.2014 00:41:34.039,1.47391,1.47191,2.6100,1.6200
29.01.2014 00:41:35.463,1.47391,1.47191,1.6500,2.1300
29.01.2014 00:41:36.964,1.47390,1.47190,1.9700,2.2100
29.01.2014 00:41:38.406,1.47388,1.47188,1.8400,2.5600
29.01.2014 00:41:39.765,1.47386,1.47186,1.8100,1.1000
29.01.2014 00:41:40.971,1.47387,1.47187,2.6400,1.2200
29.01.2014 00:41:42.402,1.47384,1.47184,1.3100,1.5200
29.01.2014 00:41:43.837,1.47382,1.47182,1.0900,1.3900
29.01.2014 00:41:45.284,1.47379,1.47179,1.0200,1.1700
29.01.2014 00:41:46.537,1.47381,1.47181,2.9900,1.7600
29.01.2014 00:41:47.870,1.47382,1.47182,1.7500,2.8100
29.01.2014 00:41:49.299,1.47382,1.47182,2.4500,1.0200
29.01.2014 00:41:50.675,1.47382,1.47182,2.7700,1.4000
29.01.2014 00:41:52.022,1.47382,1.47182,1.9900,1.1200
29.01.2014 00:41:53.523,1.47380,1.47180,1.1400,2.8500
29.01.2014 00:41:55.004,1.47382,1.47182,2.3200,1.9500
29.01.2014 00:41:56.450,1.47384,1.47184,2.6200,1.2200
29.01.2014 00:41:57.845,1.47383,1.47183,1.3600,1.8300
29.01.2014 00:41:59.057,1.47382,1.47182,2.8900,1.1900
29.01.2014 00:42:00.517,1.47381,1.47181,2.5900,2.5100
29.01.2014 00:42:02.075,1.47379,1.47179,1.8300,1.7000
29.01.2014 00:42:03.461,1.47377,1.47177,2.8100,2.7800
29.01.2014 00:42:04.841,1.47376,1.47176,2.7800,2.8000
29.01.2014 00:42:06.256,1.47379,1.47179,1.4200,2.5200
29.01.2014 00:42:07.662,1.47377,1.47177,2.8000,2.7700
29.01.2014 00:42:08.968,1.47379,1.47179,1.8500,2.6900
29.01.2014 00:42:10.334,1.47380,1.47180,1.5800,1.1200
29.01.2014 00:42:11.814,1.47380,1.47180,1.5500,2.6100
29.01.2014 00:42:13.316,1.47384,1.47184,1.1700,2.1400
29.01.2014 00:42:14.646,1.47384,1.47184,2.1600,1.1000
29.01.2014 00:42:15.955,1.47384,1.47184,2.6600,1.2100
29.01.2014 00:42:17.481,1.47382,1.47182,1.7800,2.2800
29.01.2014 00:42:18.861,1.47380,1.47180,2.0200,2.0000
29.01.2014 00:42:20.334,1.47384,1.47184,2.8700,1.6700
29.01.2014 00:42:21.809,1.47384,1.47184,2.7200,1.3600
29.01.2014 00:42:23.352,1.47384,1.47184,2.0200,2.1200
29.01.2014 00:42:24.778,1.47385,1.47185,2.9600,2.0300
29.01.2014 00:42:26.088,1.47383,1.47183,1.2600,2.3800
29.01.2014 00:42:27.472,1.47384,1.47184,2.4200,2.3900
29.01.2014 00:42:28.732,1.47383,1.47183,2.0600,2.5900
29.01.2014 00:42:30.195,1.47386,1.47186,1.2600,2.9100
29.01.2014 00:42:31.399,1.47386,1.47186,2.9500,2.6300
29.01.2014 00:42:32.691,1.47385,1.47185,1.4400,1.9100
29.01.2014 00:42:34.218,1.47382,1.47182,1.5200,1.2000
29.01.2014 00:42:35.532,1.47380,1.47180,2.8400,1.9000
29.01.2014 00:42:36.917,1.47380,1.47180,2.8200,1.9500
29.01.2014 00:42:38.258,1.47383,1.47183,2.6900,1.3400
29.01.2014 00:42:39.456,1.47384,1.47184,2.9000,2.4400
29.01.2014 00:42:40.728,1.47382,1.47182,2.1900,2.2800
29.01.2014 00:42:42.256,1.47379,1.47179,2.9500,2.3800
29.01.2014 00:42:43.666,1.47378,1.47178,2.8700,1.2700
29.01.2014 00:42:45.148,1.47379,1.47179,2.4700,2.0000
29.01.2014 00:42:46.495,1.47380,1.47180,1.1300,2.9600
29.01.2014 00:42:47.753,1.47381,1.47181,2.1000,2.5400
29.01.2014 00:42:49.142,1.47385,1.47185,1.7900,2.9600
29.01.2014 00:42:50.521,1.47385,1.47185,1.2500,1.8800
29.01.2014 00:42:51.993,1.47383,1.47183,2.6100,1.1700
29.01.2014 00:42:53.416,1.47384,1.47184,2.0200,1.3700
29.01.2014 00:42:54.812,1.47385,1.47185,1.2300,1.2900
29.01.2014 00:42:56.148,1.47384,1.47184,2.4900,2.5600
29.01.2014 00:42:57.470,1.47384,1.47184,2.7200,1.0700
29.01.2014 00:42:58.950,1.47384,1.47184,1.1500,2.5900
29.01.2014 00:43:00.255,1.47388,1.47188,1.9600,2.7600
29.01.2014 00:43:01.517,1.47386,1.47186,2.8300,2.7200
29.01.2014 00:43:02.816,1.47387,1.47187,1.0800,1.7700
29.01.2014 00:43:04.329,1.47384,1.47184,1.5100,1.7700
29.01.2014 00:43:05.771,1.47386,1.47186,2.8700,2.1900
29.01.2014 00:43:07.158,1.47387,1.47187,1.3500,1.6500
29.01.2014 00:43:08.600,1.47386,1.47186,1.3500,2.3100
