Time,Ask,Bid,AskVolume,BidVolume
20.01.2014 00:00:01.713,1.47875,1.47675,2.7900,1.6400
20.01.2014 00:00:03.033,1.47877,1.47677,2.2300,1.0800
20.01.2014 00:00:04.436,1.47878,1.47678,2.3800,1.9600
20.01.2014 00:00:05.754,1.47876,1.47676,1.9400,2.0400
20.01.2014 00:00:07.127,1.47875,1.47675,2.6900,1.5800
20.01.2014 00:00:08.624,1.47875,1.47675,2.3800,1.1200
20.01.2014 00:00:10.147,1.47876,1.47676,2.1000,1.3200
20.01.2014 00:00:11.560,1.47876,1.47676,1.4100,1.2600
20.01.2014 00:00:12.940,1.47877,1.47677,1.6300,2.3800
20.01.2014 00:00:14.492,1.47876,1.47676,1.0400,2.5800
20.01.2014 00:00:16.012,1.47875,1.47675,1.1600,1.6900
20.01.2014 00:00:17.417,1.47878,1.47678,2.9700,1.2900
20.01.2014 00:00:18.798,1.47879,1.47679,1.7000,1.0700
20.01.2014 00:00:20.454,1.47882,1.47682,1.8300,2.5700
20.01.2014 00:00:21.939,1.47882,1.47682,2.6500,1.8700
20.01.2014 00:00:23.392,1.47883,1.47683,1.3900,1.7900
20.01.2014 00:00:24.779,1.47883,1.47683,1.1400,2.5300
20.01.2014 00:00:26.196,1.47883,1.47683,1.2700,2.0700
20.01.2014 00:00:27.507,1.47884,1.47684,2.3700,1.1800
20.01.2014 00:00:28.985,1.47888,1.47688,2.3900,2.2200
20.01.2014 00:00:30.283,1.47889,1.47689,1.8100,2.6500
20.01.2014 00:00:31.861,1.47887,1.47687,1.2500,2.3700
20.01.2014 00:00:33.110,1.47885,1.47685,1.6900,1.3900
20.01.2014 00:00:34.544,1.47884,1.47684,1.7100,2.4300
20.01.2014 00:00:35.922,1.47884,1.47684,2.0400,1.5000
20.01.2014 00:00:37.436,1.47884,1.47684,2.6400,2.6700
20.01.2014 00:00:38.855,1.47885,1.47685,2.6600,2.2100
20.01.2014 00:00:40.231,1.47885,1.47685,1.1900,1.5000
20.01.2014 00:00:41.469,1.47885,1.47685,2.9200,1.3800
20.01.2014 00:00:42.781,1.47887,1.47687,2.9700,2.0300
20.01.2014 00:00:43.990,1.47885,1.47685,2.4300,1.6700
20.01.2014 00:00:45.419,1.47888,1.47688,1.9000,2.3200
20.01.2014 00:00:46.639,1.47889,1.47689,1.6600,2.4000
20.01.2014 00:00:48.194,1.47888,1.47688,2.2300,2.6400
20.01.2014 00:00:49.621,1.47887,1.47687,2.2600,1.6400
20.01.2014 00:00:50.923,1.47887,1.47687,1.2600,1.9800
20.01.2014 00:00:52.311,1.47887,1.47687,2.6500,2.8700
20.01.2014 00:00:53.659,1.47884,1.47684,1.6400,2.5600
20.01.2014 00:00:55.037,1.47883,1.47683,2.3000,1.3800
20.01.2014 00:00:56.449,1.47881,1.47681,1.4400,1.3500
20.01.2014 00:00:57.876,1.47879,1.47679,2.4200,1.3300
20.01.2014 00:00:59.213,1.47879,1.47679,1.6100,1.4800
20.01.2014 00:01:00.582,1.47881,1.47681,1.2100,1.2300
20.01.2014 00:01:01.959,1.47883,1.47683,2.5700,2.1500
20.01.2014 00:01:03.345,1.47883,1.47683,1.3800,2.1700
20.01.2014 00:01:04.743,1.47885,1.47685,2.6400,2.3100
20.01.2014 00:01:06.273,1.47888,1.47688,2.3700,2.2700
20.01.2014 00:01:07.465,1.47888,1.47688,1.7000,1.6700
20.01.2014 00:01:08.712,1.47891,1.47691,1.8000,2.7400
20.01.2014 00:01:10.162,1.47890,1.47690,1.8200,1.2700
20.01.2014 00:01:11.546,1.47890,1.47690,1.9700,2.3600
20.01.2014 00:01:12.624,1.47889,1.47689,2.7900,2.8300
20.01.2014 00:01:13.900,1.47890,1.47690,2.9500,2.5500
20.01.2014 00:01:15.480,1.47893,1.47693,2.1500,2.6400
20.01.2014 00:01:16.902,1.47892,1.47692,1.7900,2.7200
20.01.2014 00:01:18.339,1.47890,1.47690,2.0900,2.7600
20.01.2014 00:01:20.006,1.47889,1.47689,1.0400,2.0900
20.01.2014 00:01:21.464,1.47891,1.47691,1.8500,1.1100
20.01.2014 00:01:22.881,1.47889,1.47689,2.0100,2.6900
20.01.2014 00:01:24.151,1.47886,1.47686,3.0000,1.3300
20.01.2014 00:01:25.440,1.47887,1.47687,1.2400,2.9000
20.01.2014 00:01:26.895,1.47887,1.47687,1.0300,2.2600
20.01.2014 00:01:28.491,1.47888,1.47688,2.2500,1.1900
20.01.2014 00:01:29.908,1.47888,1.47688,1.9600,1.4100
20.01.2014 00:01:31.584,1.47886,1.47686,2.0800,1.2200
20.01.2014 00:01:33.218,1.47887,1.47687,1.1100,2.4100
20.01.2014 00:01:34.524,1.47886,1.47686,1.2000,1.2900
20.01.2014 00:01:35.904,1.47885,1.47685,1.6300,2.1900
20.01.2014 00:01:37.199,1.47888,1.47688,2.2300,1.6100
20.01.2014 00:01:38.759,1.47887,1.47687,1.8100,1.0300
20.01.2014 00:01:40.315,1.47887,1.47687,1.8800,1.5300
20.01.2014 00:01:41.754,1.47887,1.47687,1.6600,1.6100
20.01.2014 00:01:43.078,1.47888,1.47688,2.4600,2.6300
20.01.2014 00:01:44.394,1.47887,1.47687,1.8200,1.7100
20.01.2014 00:01:45.687,1.47889,1.47689,2.6200,2.7200
20.01.2014 00:01:47.030,1.47888,1.47688,2.2500,2.4700
20.01.2014 00:01:48.263,1.47887,1.47687,1.7800,1.4900
20.01.2014 00:01:49.652,1.47888,1.47688,2.9800,1.6700
20.01.2014 00:01:50.917,1.47887,1.47687,1.1600,2.5400
20.01.2014 00:01:52.351,1.47889,1.47689,1.4000,1.7700
20.01.2014 00:01:54.011,1.47886,1.47686,1.4000,2.2300
20.01.2014 00:01:55.495,1.47884,1.47684,2.8200,2.9000
20.01.2014 00:01:57.030,1.47885,1.47685,2.8000,1.2900
20.01.2014 00:01:58.440,1.47886,1.47686,2.5900,1.7600
20.01.2014 00:01:59.804,1.47884,1.47684,1.9900,1.3700
20.01.2014 00:02:01.277,1.47888,1.47688,2.6500,2.8400
20.01.2014 00:02:02.643,1.47887,1.47687,2.1500,1.9800
20.01.2014 00:02:03.980,1.47886,1.47686,1.4200,1.5600
20.01.2014 00:02:05.496,1.47885,1.47685,2.1000,2.9900
20.01.2014 00:02:06.859,1.47885,1.47685,1.1300,1.0900
20.01.2014 00:02:08.270,1.47884,1.47684,2.8600,2.2100
20.01.2014 00:02:09.529,1.47884,1.47684,2.4000,2.5900
20.01.2014 00:02:10.822,1.47882,1.47682,2.8100,2.9100
20.01.2014 00:02:12.166,1.47882,1.47682,1.2400,1.0200
20.01.2014 00:02:13.463,1.47883,1.47683,2.5400,2.4900
20.01.2014 00:02:15.002,1.47883,1.47683,2.1000,1.1700
20.01.2014 00:02:16.497,1.47884,1.47684,2.1900,1.2300
20.01.2014 00:02:18.045,1.47887,1.47687,1.4800,1.0300
20.01.2014 00:02:19.439,1.47887,1.47687,1.5200,1.6800
20.01.2014 00:02:20.837,1.47888,1.47688,1.5800,2.2600
20.01.2014 00:02:22.133,1.47887,1.47687,2.9900,1.0700
20.01.2014 00:02:23.493,1.47887,1.47687,1.8700,1.9100
20.01.2014 00:02:24.970,1.47883,1.47683,1.9900,1.1000
20.01.2014 00:02:26.278,1.47884,1.47684,2.0100,1.3200
20.01.2014 00:02:27.791,1.47887,1.47687,2.4300,1.3200
20.01.2014 00:02:29.147,1.47888,1.47688,2.6700,1.4100
20.01.2014 00:02:30.590,1.47889,1.47689,1.6600,1.6100
20.01.2014 00:02:31.927,1.47886,1.47686,2.1400,1.6300
20.01.2014 00:02:33.445,1.47886,1.47686,2.6700,1.1200
20.01.2014 00:02:34.949,1.47888,1.47688,2.2600,2.5600
20.01.2014 00:02:36.274,1.47887,1.47687,2.4600,1.5900
20.01.2014 00:02:37.517,1.47886,1.47686,2.8700,1.6700
20.01.2014 00:02:38.954,1.47889,1.47689,2.5800,1.8500
20.01.2014 00:02:40.353,1.47890,1.47690,1.5900,2.6600
20.01.2014 00:02:41.697,1.47890,1.47690,2.6300,2.8800
20.01.2014 00:02:43.236,1.47891,1.47691,1.7300,2.5300
20.01.2014 00:02:44.606,1.47893,1.47693,2.4400,1.6600
20.01.2014 00:02:45.929,1.47894,1.47694,2.7200,1.1900
20.01.2014 00:02:47.321,1.47897,1.47697,2.8900,2.7100
20.01.2014 00:02:48.717,1.47898,1.47698,1.1100,2.4800
20.01.2014 00:02:50.091,1.47896,1.47696,2.0600,2.1100
20.01.2014 00:02:51.379,1.47896,1.47696,1.0700,1.0900
20.01.2014 00:02:52.839,1.47895,1.47695,2.3300,1.3800
20.01.2014 00:02:54.397,1.47893,1.47693,1.7000,1.8900
20.01.2014 00:02:55.817,1.47890,1.47690,1.3700,2.8700
20.01.2014 00:02:57.303,1.47891,1.47691,1.9300,2.1000
20.01.2014 00:02:58.792,1.47890,1.47690,2.3400,2.1600
20.01.2014 00:03:00.326,1.47893,1.47693,2.8900,2.4800
20.01.2014 00:03:01.733,1.47890,1.47690,2.3500,1.0400
20.01.2014 00:03:03.082,1.47891,1.47691,1.9100,2.9200
20.01.2014 00:03:04.346,1.47893,1.47693,2.7800,2.7900
20.01.2014 00:03:05.684,1.47892,1.47692,1.4200,2.7000
20.01.2014 00:03:07.041,1.47892,1.47692,2.9500,2.4500
20.01.2014 00:03:08.284,1.47891,1.47691,1.0800,2.1600
20.01.2014 00:03:09.619,1.47891,1.47691,2.4700,2.1800
20.01.2014 00:03:10.935,1.47892,1.47692,2.3400,2.8800
20.01.2014 00:03:12.304,1.47891,1.47691,1.7000,2.5600
20.01.2014 00:03:13.683,1.47892,1.47692,2.5600,1.2200
20.01.2014 00:03:15.067,1.47895,1.47695,2.4800,1.2800
20.01.2014 00:03:16.489,1.47893,1.47693,1.0500,1.2100
20.01.2014 00:03:17.852,1.47891,1.47691,2.7800,2.6400
20.01.2014 00:03:19.177,1.47892,1.47692,2.3400,1.3700
20.01.2014 00:03:20.625,1.47894,1.47694,1.2600,2.2500
20.01.2014 00:03:21.931,1.47896,1.47696,2.0600,1.7600
20.01.2014 00:03:23.456,1.47900,1.47700,2.9900,1.7000
20.01.2014 00:03:24.827,1.47899,1.47699,1.2000,2.9400
20.01.2014 00:03:26.428,1.47900,1.47700,2.9500,2.2600
20.01.2014 00:03:27.818,1.47899,1.47699,1.6100,1.0700
20.01.2014 00:03:29.250,1.47899,1.47699,2.5800,1.2300
20.01.2014 00:03:30.651,1.47901,1.47701,1.6600,2.6700
20.01.2014 00:03:32.147,1.47904,1.47704,2.4700,1.6600
20.01.2014 00:03:33.647,1.47905,1.47705,2.5200,2.3100
20.01.2014 00:03:35.033,1.47905,1.47705,1.2500,2.4900
20.01.2014 00:03:36.358,1.47904,1.47704,1.2800,1.4400
20.01.2014 00:03:37.615,1.47904,1.47704,2.7800,1.4500
20.01.2014 00:03:39.078,1.47901,1.47701,2.2200,1.5700
20.01.2014 00:03:40.436,1.47902,1.47702,2.3900,1.5700
20.01.2014 00:03:41.933,1.47903,1.47703,2.9800,1.4300
20.01.2014 00:03:43.278,1.47903,1.47703,2.9300,2.3900
20.01.2014 00:03:44.695,1.47903,1.47703,1.8200,1.2700
20.01.2014 00:03:46.036,1.47903,1.47703,1.7600,1.0800
20.01.2014 00:03:47.360,1.47903,1.47703,2.7800,2.5500
20.01.2014 00:03:48.725,1.47901,1.47701,1.2900,2.6800
20.01.2014 00:03:50.114,1.47902,1.47702,1.3500,2.4600
20.01.2014 00:03:51.445,1.47903,1.47703,1.7200,1.2900
20.01.2014 00:03:52.860,1.47907,1.47707,1.4600,2.0800
20.01.2014 00:03:54.364,1.47906,1.47706,2.8500,2.9600
20.01.2014 00:03:55.904,1.47905,1.47705,2.0200,2.2900
20.01.2014 00:03:57.358,1.47902,1.47702,2.0600,2.3300
20.01.2014 00:03:59.021,1.47902,1.47702,2.6400,1.9600
20.01.2014 00:04:00.308,1.47901,1.47701,2.4900,1.2100
20.01.2014 00:04:01.551,1.47902,1.47702,1.2100,2.3000
20.01.2014 00:04:02.951,1.47902,1.47702,1.4400,2.9100
20.01.2014 00:04:04.280,1.47904,1.47704,2.3500,1.7700
20.01.2014 00:04:05.503,1.47903,1.47703,2.4900,1.1100
20.01.2014 00:04:06.858,1.47903,1.47703,2.5200,1.8500
20.01.2014 00:04:08.180,1.47903,1.47703,2.0000,1.6000
20.01.2014 00:04:09.531,1.47904,1.47704,1.0700,1.6900
20.01.2014 00:04:10.897,1.47904,1.47704,1.0900,1.1800
20.01.2014 00:04:12.235,1.47905,1.47705,1.3100,1.2900
20.01.2014 00:04:13.756,1.47905,1.47705,1.5800,1.0800
20.01.2014 00:04:15.159,1.47904,1.47704,1.3100,1.0900
20.01.2014 00:04:16.622,1.47907,1.47707,2.5900,1.3700
20.01.2014 00:04:18.002,1.47908,1.47708,2.1300,2.1900
20.01.2014 00:04:19.325,1.47909,1.47709,2.5800,2.5000
20.01.2014 00:04:20.610,1.47912,1.47712,2.5200,1.4300
20.01.2014 00:04:22.070,1.47913,1.47713,2.1400,2.3200
20.01.2014 00:04:23.595,1.47910,1.47710,2.8700,1.7100
20.01.2014 00:04:24.990,1.47911,1.47711,2.0900,1.5200
20.01.2014 00:04:26.377,1.47913,1.47713,2.4500,2.7800
20.01.2014 00:04:27.763,1.47913,1.47713,1.5100,1.8300
20.01.2014 00:04:29.164,1.47914,1.47714,2.7800,1.4300
20.01.2014 00:04:30.412,1.47913,1.47713,2.1100,2.9500
20.01.2014 00:04:31.861,1.47914,1.47714,2.0200,1.8000
20.01.2014 00:04:33.126,1.47914,1.47714,2.9300,1.8400
20.01.2014 00:04:34.435,1.47916,1.47716,2.2200,1.4800
20.01.2014 00:04:35.774,1.47915,1.47715,1.3900,1.6600
20.01.2014 00:04:37.058,1.47914,1.47714,1.1400,1.3600
20.01.2014 00:04:38.416,1.47911,1.47711,2.3000,1.7400
20.01.2014 00:04:39.883,1.47912,1.47712,2.4700,2.0600
20.01.2014 00:04:41.368,1.47911,1.47711,1.6000,2.8700
20.01.2014 00:04:42.714,1.47911,1.47711,1.9300,1.0100
20.01.2014 00:04:44.117,1.47911,1.47711,2.7900,1.3400
20.01.2014 00:04:45.500,1.47909,1.47709,2.5000,1.7400
20.01.2014 00:04:46.916,1.47910,1.47710,1.2600,2.0400
20.01.2014 00:04:48.203,1.47908,1.47708,2.6200,1.4300
20.01.2014 00:04:49.488,1.47911,1.47711,1.8400,1.8800
20.01.2014 00:04:50.928,1.47912,1.47712,1.2800,2.9100
20.01.2014 00:04:52.326,1.47914,1.47714,1.2900,1.0500
20.01.2014 00:04:53.899,1.47914,1.47714,1.0200,1.4300
20.01.2014 00:04:55.324,1.47915,1.47715,2.4300,1.4400
20.01.2014 00:04:56.691,1.47915,1.47715,1.4900,1.2100
20.01.2014 00:04:58.185,1.47916,1.47716,1.1400,1.4300
20.01.2014 00:04:59.610,1.47918,1.47718,2.2800,1.2600
20.01.2014 00:05:01.087,1.47918,1.47718,2.0600,1.5000
20.01.2014 00:05:02.488,1.47920,1.47720,1.9000,1.4100
20.01.2014 00:05:04.023,1.47919,1.47719,1.5600,1.0100
20.01.2014 00:05:05.529,1.47917,1.47717,2.2400,1.1400
20.01.2014 00:05:06.832,1.47917,1.47717,2.1700,2.7400
20.01.2014 00:05:08.323,1.47916,1.47716,1.3500,1.1800
20.01.2014 00:05:09.828,1.47914,1.47714,2.5200,1.3400
20.01.2014 00:05:11.278,1.47914,1.47714,2.5900,2.6600
20.01.2014 00:05:12.653,1.47917,1.47717,2.2900,2.8400
20.01.2014 00:05:13.871,1.47918,1.47718,1.9600,2.3800
20.01.2014 00:05:15.264,1.47920,1.47720,1.7900,2.7400
20.01.2014 00:05:16.488,1.47921,1.47721,1.6600,1.8200
20.01.2014 00:05:17.927,1.47921,1.47721,1.7800,2.3800
20.01.2014 00:05:19.445,1.47922,1.47722,2.3300,2.1200
20.01.2014 00:05:20.903,1.47924,1.47724,1.5900,2.9600
20.01.2014 00:05:22.352,1.47924,1.47724,2.5400,1.7600
20.01.2014 00:05:23.694,1.47924,1.47724,1.1300,2.2200
20.01.2014 00:05:25.084,1.47922,1.47722,1.8100,1.9000
20.01.2014 00:05:26.554,1.47922,1.47722,2.6500,2.0500
20.01.2014 00:05:28.064,1.47921,1.47721,1.1200,1.6200
20.01.2014 00:05:29.532,1.47919,1.47719,2.2400,1.5100
20.01.2014 00:05:31.059,1.47919,1.47719,2.4400,2.5000
20.01.2014 00:05:32.575,1.47922,1.47722,2.4700,1.3900
20.01.2014 00:05:33.886,1.47921,1.47721,2.5700,1.5100
20.01.2014 00:05:35.307,1.47920,1.47720,2.6900,2.5400
20.01.2014 00:05:36.636,1.47919,1.47719,1.4400,1.6500
20.01.2014 00:05:38.169,1.47918,1.47718,1.3800,1.3100
20.01.2014 00:05:39.592,1.47919,1.47719,2.3600,1.3900
20.01.2014 00:05:40.877,1.47918,1.47718,1.2200,1.3000
20.01.2014 00:05:42.392,1.47918,1.47718,2.2900,2.7500
20.01.2014 00:05:43.760,1.47918,1.47718,1.6000,2.5400
20.01.2014 00:05:45.064,1.47917,1.47717,1.9800,2.5700
20.01.2014 00:05:46.620,1.47916,1.47716,2.8300,1.5100
20.01.2014 00:05:47.888,1.47916,1.47716,1.5100,1.3600
20.01.2014 00:05:49.255,1.47914,1.47714,1.2800,2.0800
20.01.2014 00:05:50.507,1.47917,1.47717,1.1900,1.2500
20.01.2014 00:05:52.033,1.47918,1.47718,2.3000,1.8100
20.01.2014 00:05:53.430,1.47916,1.47716,1.5600,2.3600
20.01.2014 00:05:54.594,1.47918,1.47718,2.9500,1.7500
20.01.2014 00:05:56.016,1.47919,1.47719,2.1200,1.7300
20.01.2014 00:05:57.491,1.47919,1.47719,2.4000,1.1300
20.01.2014 00:05:58.922,1.47921,1.47721,1.3600,1.7800
20.01.2014 00:06:00.226,1.47923,1.47723,1.3600,1.3800
20.01.2014 00:06:01.438,1.47924,1.47724,1.7800,1.4100
20.01.2014 00:06:02.893,1.47924,1.47724,1.8100,1.1700
20.01.2014 00:06:04.284,1.47924,1.47724,2.5600,1.9900
20.01.2014 00:06:05.575,1.47922,1.47722,1.9300,2.3500
20.01.2014 00:06:07.023,1.47921,1.47721,1.1600,1.4800
20.01.2014 00:06:08.280,1.47920,1.47720,1.6500,2.7200
20.01.2014 00:06:09.624,1.47918,1.47718,2.5500,1.2400
20.01.2014 00:06:10.954,1.47919,1.47719,2.7400,2.9400
20.01.2014 00:06:12.341,1.47921,1.47721,1.8400,1.5300
20.01.2014 00:06:13.728,1.47919,1.47719,1.5900,2.6000
20.01.2014 00:06:15.154,1.47918,1.47718,1.0700,2.8000
20.01.2014 00:06:16.604,1.47917,1.47717,2.1700,1.7200
20.01.2014 00:06:18.039,1.47917,1.47717,2.0300,1.3900
20.01.2014 00:06:19.390,1.47920,1.47720,2.0600,1.4400
20.01.2014 00:06:20.867,1.47920,1.47720,2.1700,2.2800
20.01.2014 00:06:22.122,1.47921,1.47721,2.2400,2.2900
20.01.2014 00:06:23.440,1.47918,1.47718,1.8700,2.1800
20.01.2014 00:06:24.747,1.47918,1.47718,2.1400,2.3300
20.01.2014 00:06:26.048,1.47919,1.47719,1.7000,1.8200
20.01.2014 00:06:27.425,1.47916,1.47716,2.3400,2.7700
20.01.2014 00:06:28.847,1.47915,1.47715,2.6400,1.1400
20.01.2014 00:06:30.324,1.47914,1.47714,1.3900,2.1500
20.01.2014 00:06:31.829,1.47916,1.47716,2.2200,1.9500
20.01.2014 00:06:33.132,1.47914,1.47714,1.9700,2.7600
20.01.2014 00:06:34.367,1.47915,1.47715,1.9800,1.6300
20.01.2014 00:06:35.784,1.47915,1.47715,2.1900,1.4500
20.01.2014 00:06:37.166,1.47914,1.47714,1.5300,1.0800
20.01.2014 00:06:38.450,1.47914,1.47714,1.1300,1.6500
20.01.2014 00:06:39.889,1.47915,1.47715,1.1500,2.0500
20.01.2014 00:06:41.184,1.47915,1.47715,1.7600,2.1900
20.01.2014 00:06:42.443,1.47915,1.47715,2.8800,2.0800
20.01.2014 00:06:43.761,1.47916,1.47716,2.2000,2.7300
20.01.2014 00:06:45.214,1.47912,1.47712,2.5400,2.8800
20.01.2014 00:06:46.605,1.47913,1.47713,1.9800,2.0600
20.01.2014 00:06:47.941,1.47912,1.47712,1.0600,2.1300
20.01.2014 00:06:49.253,1.47914,1.47714,2.6800,1.1200
20.01.2014 00:06:50.552,1.47911,1.47711,2.8800,2.5000
20.01.2014 00:06:52.027,1.47910,1.47710,1.1800,2.9000
20.01.2014 00:06:53.478,1.47910,1.47710,1.7500,2.5800
20.01.2014 00:06:54.769,1.47911,1.47711,2.5100,2.2300
20.01.2014 00:06:56.330,1.47911,1.47711,1.7900,2.9500
20.01.2014 00:06:57.781,1.47909,1.47709,1.2900,1.6200
20.01.2014 00:06:59.198,1.47910,1.47710,2.2600,2.1700
20.01.2014 00:07:00.752,1.47910,1.47710,1.1200,2.0400
20.01.2014 00:07:02.215,1.47910,1.47710,2.4600,1.1300
20.01.2014 00:07:03.671,1.47912,1.47712,1.3300,1.4100
20.01.2014 00:07:05.350,1.47912,1.47712,1.9700,2.6000
20.01.2014 00:07:06.851,1.47916,1.47716,2.4900,2.1400
20.01.2014 00:07:08.298,1.47916,1.47716,1.4700,1.6000
20.01.2014 00:07:09.706,1.47918,1.47718,1.1300,2.7300
20.01.2014 00:07:11.104,1.47918,1.47718,2.3800,1.0200
20.01.2014 00:07:12.632,1.47916,1.47716,2.1600,2.3000
20.01.2014 00:07:14.099,1.47916,1.47716,1.0700,1.2400
20.01.2014 00:07:15.654,1.47917,1.47717,2.2700,1.7200
20.01.2014 00:07:17.113,1.47914,1.47714,2.0000,1.3400
20.01.2014 00:07:18.503,1.47914,1.47714,2.6500,1.9100
20.01.2014 00:07:19.880,1.47912,1.47712,1.7800,1.0200
20.01.2014 00:07:21.111,1.47912,1.47712,1.0600,1.6100
20.01.2014 00:07:22.426,1.47912,1.47712,1.5400,2.1900
20.01.2014 00:07:23.694,1.47913,1.47713,1.6600,1.8000
20.01.2014 00:07:24.962,1.47913,1.47713,2.6500,1.4500
20.01.2014 00:07:26.412,1.47914,1.47714,2.7200,1.4000
20.01.2014 00:07:27.758,1.47916,1.47716,2.0600,1.6400
20.01.2014 00:07:29.211,1.47917,1.47717,1.5500,1.7200
20.01.2014 00:07:30.679,1.47919,1.47719,2.6100,1.4700
20.01.2014 00:07:32.142,1.47916,1.47716,2.9000,1.1100
20.01.2014 00:07:33.448,1.47917,1.47717,1.3700,2.5700
20.01.2014 00:07:34.904,1.47914,1.47714,2.3200,2.8300
20.01.2014 00:07:36.341,1.47913,1.47713,2.4800,1.0600
20.01.2014 00:07:37.812,1.47912,1.47712,2.7900,1.9400
20.01.2014 00:07:39.235,1.47911,1.47711,2.4400,2.7200
20.01.2014 00:07:40.551,1.47910,1.47710,1.5200,2.2000
20.01.2014 00:07:42.139,1.47911,1.47711,1.3700,2.2200
20.01.2014 00:07:43.417,1.47909,1.47709,1.5800,2.9200
20.01.2014 00:07:44.826,1.47912,1.47712,1.8700,2.8700
20.01.2014 00:07:46.096,1.47910,1.47710,2.1000,2.3200
20.01.2014 00:07:47.521,1.47910,1.47710,1.8000,2.8100
20.01.2014 00:07:48.893,1.47909,1.47709,2.6300,1.4600
20.01.2014 00:07:50.201,1.47907,1.47707,2.6000,2.1400
20.01.2014 00:07:51.624,1.47905,1.47705,1.5300,2.9500
20.01.2014 00:07:53.174,1.47904,1.47704,1.5500,1.3600
20.01.2014 00:07:54.489,1.47903,1.47703,2.0700,2.7400
20.01.2014 00:07:55.835,1.47902,1.47702,2.8400,2.2600
20.01.2014 00:07:57.300,1.47903,1.47703,1.1900,2.6200
20.01.2014 00:07:58.591,1.47902,1.47702,2.7100,2.3800
20.01.2014 00:07:59.788,1.47903,1.47703,1.0900,1.1300
20.01.2014 00:08:01.330,1.47903,1.47703,2.1700,1.1000
20.01.2014 00:08:02.601,1.47903,1.47703,1.7800,1.7300
20.01.2014 00:08:03.942,1.47904,1.47704,1.1600,1.0100
20.01.2014 00:08:05.276,1.47904,1.47704,2.4200,1.9500
20.01.2014 00:08:06.614,1.47902,1.47702,2.7400,2.3500
20.01.2014 00:08:08.110,1.47902,1.47702,1.7400,2.5800
20.01.2014 00:08:09.350,1.47902,1.47702,1.2900,2.9600
20.01.2014 00:08:10.923,1.47906,1.47706,2.4900,2.8400
20.01.2014 00:08:12.244,1.47905,1.47705,2.2100,2.7400
20.01.2014 00:08:13.696,1.47902,1.47702,1.9300,1.9300
20.01.2014 00:08:15.065,1.47902,1.47702,2.4300,2.0000
20.01.2014 00:08:16.498,1.47901,1.47701,2.0100,1.6000
20.01.2014 00:08:17.891,1.47903,1.47703,2.8800,1.5500
20.01.2014 00:08:19.297,1.47903,1.47703,2.4600,1.6800
20.01.2014 00:08:20.696,1.47902,1.47702,2.3400,2.8700
20.01.2014 00:08:22.107,1.47903,1.47703,1.2500,1.2500
20.01.2014 00:08:23.497,1.47903,1.47703,2.0100,1.0300
20.01.2014 00:08:25.035,1.47904,1.47704,1.5600,1.2400
20.01.2014 00:08:26.433,1.47905,1.47705,1.4600,1.9500
20.01.2014 00:08:27.630,1.47905,1.47705,1.6600,1.1600
20.01.2014 00:08:28.989,1.47906,1.47706,1.9600,2.3300
20.01.2014 00:08:30.437,1.47906,1.47706,2.1800,1.1300
20.01.2014 00:08:31.944,1.47906,1.47706,1.4400,2.3700
20.01.2014 00:08:33.325,1.47904,1.47704,2.6900,2.1700
20.01.2014 00:08:34.620,1.47903,1.47703,2.3000,1.7100
20.01.2014 00:08:35.963,1.47904,1.47704,1.5300,2.3200
20.01.2014 00:08:37.399,1.47900,1.47700,1.5300,2.5700
20.01.2014 00:08:38.814,1.47900,1.47700,2.5200,2.2200
20.01.2014 00:08:40.165,1.47898,1.47698,2.6300,1.8300
20.01.2014 00:08:41.368,1.47899,1.47699,1.6800,1.4700
20.01.2014 00:08:42.706,1.47899,1.47699,1.0500,1.3700
20.01.2014 00:08:44.178,1.47899,1.47699,1.3300,2.5200
20.01.2014 00:08:45.598,1.47899,1.47699,1.7600,1.6200
20.01.2014 00:08:46.925,1.47899,1.47699,2.3900,1.6300
20.01.2014 00:08:48.266,1.47898,1.47698,2.3800,1.6600
20.01.2014 00:08:49.802,1.47900,1.47700,1.4500,2.9600
20.01.2014 00:08:51.262,1.47899,1.47699,1.3300,1.4200
20.01.2014 00:08:52.577,1.47897,1.47697,1.9000,2.3300
20.01.2014 00:08:54.000,1.47896,1.47696,2.7100,1.9400
20.01.2014 00:08:55.242,1.47900,1.47700,2.8600,2.3600
20.01.2014 00:08:56.621,1.47900,1.47700,1.5900,1.7300
20.01.2014 00:08:58.198,1.47901,1.47701,2.1000,1.2500
20.01.2014 00:08:59.803,1.47901,1.47701,1.8500,2.3900
20.01.2014 00:09:01.443,1.47904,1.47704,1.9400,1.9600
20.01.2014 00:09:02.820,1.47908,1.47708,2.7500,2.1900
20.01.2014 00:09:04.384,1.47906,1.47706,1.3100,1.6900
20.01.2014 00:09:05.900,1.47906,1.47706,1.5500,2.7300
20.01.2014 00:09:07.273,1.47908,1.47708,2.2700,2.0900
20.01.2014 00:09:08.563,1.47906,1.47706,2.9200,2.2700
20.01.2014 00:09:09.985,1.47905,1.47705,1.7300,1.6800
20.01.2014 00:09:11.427,1.47906,1.47706,2.8000,2.4800
20.01.2014 00:09:12.898,1.47905,1.47705,1.1500,2.9400
20.01.2014 00:09:14.316,1.47907,1.47707,2.3900,2.4400
20.01.2014 00:09:15.697,1.47907,1.47707,1.1700,2.1600
20.01.2014 00:09:17.097,1.47903,1.47703,2.3700,1.0600
20.01.2014 00:09:18.598,1.47900,1.47700,2.5100,2.5300
20.01.2014 00:09:20.010,1.47898,1.47698,1.0100,1.0100
20.01.2014 00:09:21.379,1.47899,1.47699,2.9100,1.7300
20.01.2014 00:09:22.763,1.47899,1.47699,1.8000,2.6700
20.01.2014 00:09:24.075,1.47900,1.47700,1.9900,2.4900
20.01.2014 00:09:25.538,1.47900,1.47700,1.2400,2.9400
20.01.2014 00:09:26.983,1.47898,1.47698,2.3000,2.5400
20.01.2014 00:09:28.501,1.47898,1.47698,1.5000,2.3000
20.01.2014 00:09:30.040,1.47897,1.47697,1.8600,1.1100
20.01.2014 00:09:31.352,1.47898,1.47698,2.5100,1.7400
20.01.2014 00:09:32.683,1.47898,1.47698,1.4100,2.0100
20.01.2014 00:09:34.268,1.47897,1.47697,1.3900,1.8800
20.01.2014 00:09:35.719,1.47898,1.47698,2.8100,2.0800
20.01.2014 00:09:37.418,1.47899,1.47699,1.1200,1.5400
20.01.2014 00:09:38.820,1.47897,1.47697,1.9600,2.0400
20.01.2014 00:09:40.274,1.47896,1.47696,2.8100,2.6900
20.01.2014 00:09:41.715,1.47899,1.47699,1.4000,1.7300
20.01.2014 00:09:43.140,1.47900,1.47700,2.3400,2.9000
20.01.2014 00:09:44.449,1.47898,1.47698,2.1000,2.9300
20.01.2014 00:09:45.726,1.47896,1.47696,2.0500,1.6900
20.01.2014 00:09:47.126,1.47899,1.47699,2.3800,2.9400
20.01.2014 00:09:48.513,1.47899,1.47699,2.4200,1.5200
20.01.2014 00:09:49.961,1.47895,1.47695,2.8300,2.2600
20.01.2014 00:09:51.433,1.47894,1.47694,2.5100,2.8700
20.01.2014 00:09:52.737,1.47896,1.47696,2.5800,2.7000
20.01.2014 00:09:54.119,1.47896,1.47696,2.7500,1.2600
20.01.2014 00:09:55.662,1.47896,1.47696,2.7800,1.0400
20.01.2014 00:09:57.080,1.47897,1.47697,2.4900,1.4100
20.01.2014 00:09:58.433,1.47896,1.47696,1.1300,2.3900
20.01.2014 00:09:59.904,1.47899,1.47699,1.7900,1.5400
20.01.2014 00:10:01.125,1.47900,1.47700,1.9100,1.3300
20.01.2014 00:10:02.559,1.47900,1.47700,1.4800,2.9100
20.01.2014 00:10:03.820,1.47899,1.47699,2.9400,2.9500
20.01.2014 00:10:05.297,1.47900,1.47700,1.0400,1.5400
20.01.2014 00:10:06.792,1.47904,1.47704,2.7000,2.6400
20.01.2014 00:10:08.182,1.47903,1.47703,2.2800,2.1000
20.01.2014 00:10:09.675,1.47903,1.47703,1.2400,1.2100
20.01.2014 00:10:11.047,1.47901,1.47701,2.7100,2.3000
20.01.2014 00:10:12.513,1.47901,1.47701,2.2800,2.7500
20.01.2014 00:10:13.972,1.47902,1.47702,2.4700,1.9500
20.01.2014 00:10:15.332,1.47904,1.47704,1.0400,1.0800
20.01.2014 00:10:16.707,1.47904,1.47704,1.1100,2.6400
20.01.2014 00:10:18.302,1.47902,1.47702,1.8400,2.2300
20.01.2014 00:10:19.728,1.47901,1.47701,1.1100,1.0300
20.01.2014 00:10:21.188,1.47904,1.47704,1.7400,2.2600
20.01.2014 00:10:22.528,1.47906,1.47706,2.6900,2.7400
20.01.2014 00:10:23.684,1.47906,1.47706,1.9200,2.9400
20.01.2014 00:10:25.137,1.47906,1.47706,2.0000,2.7800
20.01.2014 00:10:26.432,1.47906,1.47706,1.0500,1.8600
20.01.2014 00:10:27.712,1.47907,1.47707,1.0800,1.6400
20.01.2014 00:10:29.106,1.47907,1.47707,2.4200,2.2000
20.01.2014 00:10:30.681,1.47906,1.47706,2.9300,2.0000
20.01.2014 00:10:32.069,1.47904,1.47704,1.1400,2.3800
20.01.2014 00:10:33.337,1.47904,1.47704,2.9900,1.2500
20.01.2014 00:10:34.852,1.47904,1.47704,1.1500,2.7400
20.01.2014 00:10:36.292,1.47904,1.47704,1.9700,2.3700
20.01.2014 00:10:37.795,1.47900,1.47700,2.4700,1.6600
20.01.2014 00:10:39.157,1.47900,1.47700,2.6300,2.9900
20.01.2014 00:10:40.657,1.47899,1.47699,1.7600,2.5200
20.01.2014 00:10:42.219,1.47898,1.47698,2.3600,2.0400
20.01.2014 00:10:43.643,1.47897,1.47697,2.2100,2.5400
20.01.2014 00:10:45.008,1.47898,1.47698,2.2000,2.3700
20.01.2014 00:10:46.521,1.47899,1.47699,2.2500,2.7500
20.01.2014 00:10:47.894,1.47897,1.47697,2.2900,2.9700
20.01.2014 00:10:49.394,1.47894,1.47694,2.3400,1.2100
20.01.2014 00:10:50.812,1.47892,1.47692,1.6900,2.7600
20.01.2014 00:10:52.289,1.47890,1.47690,2.8100,1.0600
20.01.2014 00:10:53.691,1.47889,1.47689,2.3200,1.3100
20.01.2014 00:10:54.978,1.47890,1.47690,2.7100,1.5200
20.01.2014 00:10:56.365,1.47890,1.47690,2.9800,2.7600
20.01.2014 00:10:57.829,1.47891,1.47691,2.3700,2.2200
20.01.2014 00:10:59.236,1.47892,1.47692,2.4200,2.2800
20.01.2014 00:11:00.648,1.47892,1.47692,1.5800,2.7600
20.01.2014 00:11:02.123,1.47890,1.47690,1.2400,2.1100
20.01.2014 00:11:03.622,1.47889,1.47689,1.7500,1.5300
20.01.2014 00:11:04.836,1.47889,1.47689,2.5100,2.7900
20.01.2014 00:11:06.164,1.47891,1.47691,1.8300,1.9700
20.01.2014 00:11:07.564,1.47892,1.47692,2.7400,2.7200
20.01.2014 00:11:08.947,1.47892,1.47692,2.0500,2.3100
20.01.2014 00:11:10.387,1.47890,1.47690,2.2500,2.9700
20.01.2014 00:11:12.013,1.47887,1.47687,2.4600,2.6800
20.01.2014 00:11:13.410,1.47890,1.47690,2.3200,1.0100
20.01.2014 00:11:14.809,1.47890,1.47690,2.3100,1.8700
20.01.2014 00:11:15.991,1.47887,1.47687,1.7900,2.9800
20.01.2014 00:11:17.372,1.47885,1.47685,2.9900,2.9000
20.01.2014 00:11:18.802,1.47886,1.47686,1.6100,1.8700
20.01.2014 00:11:20.336,1.47884,1.47684,2.1900,2.8800
20.01.2014 00:11:21.775,1.47886,1.47686,1.0500,2.0900
20.01.2014 00:11:23.114,1.47886,1.47686,2.0100,1.6200
20.01.2014 00:11:24.586,1.47882,1.47682,1.0700,2.3800
20.01.2014 00:11:26.182,1.47880,1.47680,1.1800,1.7300
20.01.2014 00:11:27.564,1.47880,1.47680,1.2100,1.5900
20.01.2014 00:11:28.996,1.47880,1.47680,1.2800,1.1800
20.01.2014 00:11:30.302,1.47879,1.47679,2.9100,2.8800
20.01.2014 00:11:31.773,1.47878,1.47678,2.9900,2.8700
20.01.2014 00:11:33.138,1.47875,1.47675,1.1800,1.9600
20.01.2014 00:11:34.653,1.47874,1.47674,2.9100,2.4900
20.01.2014 00:11:36.155,1.47876,1.47676,2.0000,1.6700
20.01.2014 00:11:37.644,1.47873,1.47673,1.2000,1.2400
20.01.2014 00:11:39.244,1.47872,1.47672,2.2700,1.5100
20.01.2014 00:11:40.687,1.47872,1.47672,1.4100,2.1800
20.01.2014 00:11:42.244,1.47873,1.47673,1.8800,2.5700
20.01.2014 00:11:43.698,1.47874,1.47674,1.2200,1.3700
20.01.2014 00:11:45.164,1.47874,1.47674,1.4700,2.8800
20.01.2014 00:11:46.503,1.47875,1.47675,1.3100,1.8800
20.01.2014 00:11:48.024,1.47873,1.47673,2.0100,2.1500
20.01.2014 00:11:49.445,1.47873,1.47673,2.8800,2.1700
20.01.2014 00:11:50.813,1.47874,1.47674,2.4300,1.6800
20.01.2014 00:11:52.182,1.47873,1.47673,2.4800,1.8800
20.01.2014 00:11:53.514,1.47876,1.47676,2.5700,2.7800
20.01.2014 00:11:55.024,1.47876,1.47676,1.5000,2.3400
20.01.2014 00:11:56.407,1.47876,1.47676,2.6200,1.5000
20.01.2014 00:11:57.847,1.47874,1.47674,1.4200,1.0300
20.01.2014 00:11:59.423,1.47875,1.47675,1.9900,1.9500
20.01.2014 00:12:00.909,1.47876,1.47676,2.2800,2.5500
20.01.2014 00:12:02.197,1.47876,1.47676,2.5900,1.4200
20.01.2014 00:12:03.566,1.47876,1.47676,2.6200,2.7300
20.01.2014 00:12:04.924,1.47877,1.47677,2.1000,1.3400
20.01.2014 00:12:06.226,1.47879,1.47679,2.7500,2.0900
20.01.2014 00:12:07.623,1.47881,1.47681,1.2500,1.1900
20.01.2014 00:12:08.822,1.47880,1.47680,2.3800,1.6900
20.01.2014 00:12:10.151,1.47876,1.47676,1.8200,2.6600
20.01.2014 00:12:11.458,1.47877,1.47677,1.1200,2.7100
20.01.2014 00:12:12.811,1.47878,1.47678,2.1000,2.1600
20.01.2014 00:12:14.202,1.47876,1.47676,1.3400,1.4400
20.01.2014 00:12:15.714,1.47879,1.47679,1.6700,2.5700
20.01.2014 00:12:16.989,1.47879,1.47679,2.2500,2.9800
20.01.2014 00:12:18.448,1.47881,1.47681,1.3400,2.3500
20.01.2014 00:12:19.765,1.47882,1.47682,2.0000,2.9500
20.01.2014 00:12:21.265,1.47880,1.47680,1.8200,1.0100
20.01.2014 00:12:22.466,1.47882,1.47682,2.6400,1.9100
20.01.2014 00:12:23.793,1.47880,1.47680,2.1800,1.8500
20.01.2014 00:12:25.319,1.47880,1.47680,2.1500,2.5800
20.01.2014 00:12:26.674,1.47880,1.47680,1.9900,1.4700
20.01.2014 00:12:28.023,1.47879,1.47679,2.6300,1.5100
20.01.2014 00:12:29.547,1.47880,1.47680,2.2500,1.9200
20.01.2014 00:12:30.934,1.47877,1.47677,2.7600,1.8900
20.01.2014 00:12:32.317,1.47878,1.47678,2.7200,2.6300
20.01.2014 00:12:33.783,1.47879,1.47679,2.1200,2.7100
20.01.2014 00:12:35.230,1.47878,1.47678,2.3200,1.2000
20.01.2014 00:12:36.596,1.47877,1.47677,2.6100,2.3900
20.01.2014 00:12:38.105,1.47875,1.47675,2.6400,1.1400
20.01.2014 00:12:39.539,1.47873,1.47673,1.6300,1.9200
20.01.2014 00:12:40.950,1.47872,1.47672,1.9500,2.9000
20.01.2014 00:12:42.494,1.47870,1.47670,2.2500,1.1200
20.01.2014 00:12:43.991,1.47868,1.47668,2.5500,1.0300
20.01.2014 00:12:45.574,1.47869,1.47669,2.2100,1.2300
20.01.2014 00:12:46.889,1.47868,1.47668,1.2200,1.3900
20.01.2014 00:12:48.352,1.47866,1.47666,1.2300,2.0400
20.01.2014 00:12:49.875,1.47866,1.47666,2.0600,2.9400
20.01.2014 00:12:51.396,1.47866,1.47666,2.4400,2.2000
20.01.2014 00:12:52.832,1.47866,1.47666,2.0700,1.7300
20.01.2014 00:12:54.081,1.47864,1.47664,2.2300,2.9700
20.01.2014 00:12:55.520,1.47861,1.47661,1.8900,2.4400
20.01.2014 00:12:56.929,1.47860,1.47660,2.1200,1.8600
20.01.2014 00:12:58.365,1.47861,1.47661,1.4900,2.3600
20.01.2014 00:12:59.676,1.47860,1.47660,1.7100,1.6400
20.01.2014 00:13:01.151,1.47860,1.47660,1.0500,2.6100
20.01.2014 00:13:02.592,1.47862,1.47662,2.3200,2.7200
20.01.2014 00:13:03.868,1.47863,1.47663,1.5600,2.6700
20.01.2014 00:13:05.368,1.47863,1.47663,2.1300,1.2000
20.01.2014 00:13:06.774,1.47862,1.47662,2.0700,1.4300
20.01.2014 00:13:08.271,1.47865,1.47665,2.7100,2.1000
20.01.2014 00:13:09.583,1.47864,1.47664,2.1000,2.9100
20.01.2014 00:13:10.964,1.47863,1.47663,2.1800,1.8900
20.01.2014 00:13:12.556,1.47861,1.47661,2.6500,1.0500
20.01.2014 00:13:13.955,1.47860,1.47660,2.7400,2.0400
20.01.2014 00:13:15.400,1.47859,1.47659,1.1900,1.1500
20.01.2014 00:13:16.665,1.47858,1.47658,2.7800,1.9500
20.01.2014 00:13:18.181,1.47859,1.47659,2.9000,1.6400
20.01.2014 00:13:19.625,1.47854,1.47654,1.1200,1.1700
20.01.2014 00:13:21.125,1.47853,1.47653,1.7300,1.7500
20.01.2014 00:13:22.371,1.47852,1.47652,2.1400,2.1500
20.01.2014 00:13:23.961,1.47854,1.47654,2.2700,2.8800
20.01.2014 00:13:25.307,1.47854,1.47654,2.7700,2.1000
20.01.2014 00:13:26.830,1.47854,1.47654,2.5100,2.5500
20.01.2014 00:13:28.470,1.47849,1.47649,2.3900,1.1700
20.01.2014 00:13:29.910,1.47850,1.47650,2.5500,2.2600
20.01.2014 00:13:31.466,1.47851,1.47651,2.8700,2.8100
20.01.2014 00:13:32.936,1.47850,1.47650,2.6000,1.7200
20.01.2014 00:13:34.422,1.47849,1.47649,2.7500,2.8400
20.01.2014 00:13:35.837,1.47849,1.47649,1.5800,1.7100
20.01.2014 00:13:37.185,1.47849,1.47649,1.4600,2.9200
20.01.2014 00:13:38.764,1.47845,1.47645,2.1100,2.7600
20.01.2014 00:13:40.170,1.47846,1.47646,1.1200,2.2600
20.01.2014 00:13:41.637,1.47846,1.47646,2.3200,1.8900
20.01.2014 00:13:43.070,1.47844,1.47644,2.1500,1.2000
20.01.2014 00:13:44.499,1.47844,1.47644,2.5500,1.4200
20.01.2014 00:13:45.833,1.47844,1.47644,1.2800,2.4200
20.01.2014 00:13:47.189,1.47845,1.47645,2.7600,1.4800
20.01.2014 00:13:48.504,1.47843,1.47643,2.0200,2.9300
20.01.2014 00:13:49.820,1.47843,1.47643,2.2500,2.8200
20.01.2014 00:13:51.138,1.47844,1.47644,1.3600,2.1900
20.01.2014 00:13:52.547,1.47842,1.47642,1.3900,2.1700
20.01.2014 00:13:53.920,1.47841,1.47641,1.7900,2.2700
20.01.2014 00:13:55.168,1.47843,1.47643,2.2300,1.3700
20.01.2014 00:13:56.673,1.47842,1.47642,1.3400,2.5400
20.01.2014 00:13:58.210,1.47842,1.47642,1.9800,1.2300
20.01.2014 00:13:59.442,1.47841,1.47641,1.2500,2.5200
20.01.2014 00:14:00.731,1.47841,1.47641,2.7800,1.8000
20.01.2014 00:14:02.140,1.47841,1.47641,2.8500,1.6900
20.01.2014 00:14:03.665,1.47841,1.47641,1.2300,1.2400
20.01.2014 00:14:05.187,1.47839,1.47639,2.1300,1.0500
20.01.2014 00:14:06.548,1.47837,1.47637,1.5900,1.7300
20.01.2014 00:14:07.899,1.47837,1.47637,1.9900,1.9100
20.01.2014 00:14:09.372,1.47837,1.47637,2.8600,1.7100
20.01.2014 00:14:10.909,1.47840,1.47640,2.6700,2.5500
20.01.2014 00:14:12.339,1.47836,1.47636,1.8200,1.5800
20.01.2014 00:14:13.622,1.47836,1.47636,1.2000,2.0900
20.01.2014 00:14:15.101,1.47835,1.47635,2.1100,2.6300
20.01.2014 00:14:16.599,1.47835,1.47635,2.7700,2.2100
20.01.2014 00:14:17.945,1.47836,1.47636,1.1700,1.8200
20.01.2014 00:14:19.286,1.47837,1.47637,2.2400,2.1900
20.01.2014 00:14:20.784,1.47838,1.47638,2.9900,2.9400
20.01.2014 00:14:22.265,1.47836,1.47636,2.0400,1.0200
20.01.2014 00:14:23.695,1.47838,1.47638,2.7700,1.7200
20.01.2014 00:14:25.140,1.47840,1.47640,2.8300,1.6800
20.01.2014 00:14:26.625,1.47838,1.47638,2.3600,2.4600
20.01.2014 00:14:28.117,1.47835,1.47635,2.5800,2.9500
20.01.2014 00:14:29.631,1.47833,1.47633,1.6300,2.9700
20.01.2014 00:14:31.166,1.47832,1.47632,2.6400,2.4900
20.01.2014 00:14:32.671,1.47831,1.47631,2.1900,1.9500
20.01.2014 00:14:33.933,1.47834,1.47634,1.5700,2.7800
20.01.2014 00:14:35.250,1.47833,1.47633,1.1200,2.8500
20.01.2014 00:14:36.747,1.47832,1.47632,2.7700,2.4800
20.01.2014 00:14:38.221,1.47831,1.47631,1.6400,2.9900
20.01.2014 00:14:39.483,1.47831,1.47631,1.5000,2.4400
20.01.2014 00:14:41.014,1.47832,1.47632,1.7100,2.0300
20.01.2014 00:14:42.206,1.47833,1.47633,2.1500,2.6300
20.01.2014 00:14:43.781,1.47832,1.47632,2.7800,2.9800
20.01.2014 00:14:45.239,1.47832,1.47632,2.4700,1.7300
20.01.2014 00:14:46.576,1.47833,1.47633,2.7500,1.0300
20.01.2014 00:14:48.007,1.47834,1.47634,2.2200,1.2300
20.01.2014 00:14:49.417,1.47833,1.47633,1.0300,1.6400
20.01.2014 00:14:51.021,1.47835,1.47635,1.2500,1.0400
20.01.2014 00:14:52.374,1.47834,1.47634,2.9500,1.3800
20.01.2014 00:14:53.872,1.47832,1.47632,2.3700,1.7100
20.01.2014 00:14:55.179,1.47828,1.47628,1.7400,2.0000
20.01.2014 00:14:56.685,1.47829,1.47629,2.1100,2.4700
20.01.2014 00:14:58.133,1.47829,1.47629,1.2500,2.5900
20.01.2014 00:14:59.506,1.47828,1.47628,2.6600,1.4500
20.01.2014 00:15:00.967,1.47826,1.47626,2.7000,2.5600
20.01.2014 00:15:02.219,1.47827,1.47627,2.7000,2.3900
20.01.2014 00:15:03.607,1.47826,1.47626,1.6400,2.3500
20.01.2014 00:15:05.103,1.47826,1.47626,1.5300,2.5800
20.01.2014 00:15:06.433,1.47827,1.47627,1.4300,1.7400
20.01.2014 00:15:07.906,1.47825,1.47625,2.2700,2.8900
20.01.2014 00:15:09.136,1.47825,1.47625,1.2500,2.8000
20.01.2014 00:15:10.430,1.47823,1.47623,1.3500,1.4500
20.01.2014 00:15:11.745,1.47823,1.47623,2.6000,2.2400
20.01.2014 00:15:13.028,1.47822,1.47622,1.7300,1.4100
20.01.2014 00:15:14.434,1.47821,1.47621,1.4400,1.6400
20.01.2014 00:15:15.937,1.47821,1.47621,2.3600,2.9500
20.01.2014 00:15:17.403,1.47819,1.47619,2.2300,1.7500
20.01.2014 00:15:18.862,1.47820,1.47620,2.8600,1.3600
20.01.2014 00:15:20.234,1.47820,1.47620,1.5800,1.6100
20.01.2014 00:15:21.659,1.47818,1.47618,2.0100,2.2200
20.01.2014 00:15:22.960,1.47818,1.47618,2.1900,1.8600
20.01.2014 00:15:24.299,1.47819,1.47619,1.7900,1.3100
20.01.2014 00:15:25.490,1.47820,1.47620,2.6400,2.5600
20.01.2014 00:15:26.774,1.47821,1.47621,2.5300,1.4400
20.01.2014 00:15:28.190,1.47824,1.47624,2.6200,2.6700
20.01.2014 00:15:29.583,1.47822,1.47622,2.5300,2.5700
20.01.2014 00:15:31.033,1.47822,1.47622,2.1900,1.7400
20.01.2014 00:15:32.518,1.47820,1.47620,1.4500,2.0400
20.01.2014 00:15:33.966,1.47819,1.47619,2.2500,2.8400
20.01.2014 00:15:35.415,1.47818,1.47618,2.0100,1.9500
20.01.2014 00:15:36.932,1.47816,1.47616,2.2900,1.2000
20.01.2014 00:15:38.381,1.47816,1.47616,2.2300,2.9900
20.01.2014 00:15:39.988,1.47817,1.47617,1.5300,1.9300
20.01.2014 00:15:41.401,1.47816,1.47616,2.2500,2.0300
20.01.2014 00:15:42.684,1.47816,1.47616,1.9200,1.7400
20.01.2014 00:15:43.940,1.47817,1.47617,2.0600,1.5300
20.01.2014 00:15:45.241,1.47819,1.47619,2.2900,2.1500
20.01.2014 00:15:46.672,1.47821,1.47621,1.2700,1.9000
20.01.2014 00:15:47.992,1.47822,1.47622,1.7800,1.2200
20.01.2014 00:15:49.256,1.47825,1.47625,1.6400,1.0400
20.01.2014 00:15:50.732,1.47822,1.47622,1.0500,2.9200
20.01.2014 00:15:52.132,1.47822,1.47622,1.6900,2.3700
20.01.2014 00:15:53.660,1.47818,1.47618,2.3400,2.6800
20.01.2014 00:15:55.134,1.47818,1.47618,1.6800,2.8800
20.01.2014 00:15:56.614,1.47819,1.47619,1.5900,1.2100
20.01.2014 00:15:58.109,1.47818,1.47618,2.6100,2.9500
20.01.2014 00:15:59.459,1.47819,1.47619,1.7200,2.9700
20.01.2014 00:16:00.807,1.47819,1.47619,2.1200,1.7100
20.01.2014 00:16:02.195,1.47816,1.47616,1.3600,2.4200
20.01.2014 00:16:03.789,1.47819,1.47619,1.0500,2.1000
20.01.2014 00:16:05.194,1.47819,1.47619,1.6100,1.0100
20.01.2014 00:16:06.590,1.47820,1.47620,2.4000,1.0700
20.01.2014 00:16:08.000,1.47820,1.47620,1.0100,2.8900
20.01.2014 00:16:09.283,1.47822,1.47622,2.0700,2.5000
20.01.2014 00:16:10.728,1.47821,1.47621,2.1800,1.5900
20.01.2014 00:16:11.990,1.47822,1.47622,1.4100,2.3700
20.01.2014 00:16:13.450,1.47819,1.47619,1.7100,2.1700
20.01.2014 00:16:14.762,1.47820,1.47620,2.3900,2.5300
20.01.2014 00:16:16.167,1.47818,1.47618,2.4700,2.1300
20.01.2014 00:16:17.763,1.47821,1.47621,1.2500,1.5100
20.01.2014 00:16:19.145,1.47822,1.47622,1.7000,2.3000
20.01.2014 00:16:20.380,1.47823,1.47623,1.2100,2.8100
20.01.2014 00:16:21.863,1.47823,1.47623,2.2600,2.6600
20.01.2014 00:16:23.215,1.47825,1.47625,2.5700,2.6000
20.01.2014 00:16:24.514,1.47824,1.47624,1.6100,2.3900
20.01.2014 00:16:25.915,1.47825,1.47625,1.1300,2.8500
20.01.2014 00:16:27.357,1.47825,1.47625,1.5400,1.1300
20.01.2014 00:16:28.780,1.47825,1.47625,1.3000,1.6600
20.01.2014 00:16:30.089,1.47824,1.47624,1.8000,1.7500
20.01.2014 00:16:31.635,1.47823,1.47623,2.1900,1.5500
20.01.2014 00:16:32.942,1.47824,1.47624,2.1200,1.7000
20.01.2014 00:16:34.175,1.47823,1.47623,2.9700,1.3600
20.01.2014 00:16:35.429,1.47823,1.47623,1.7300,2.0800
20.01.2014 00:16:36.793,1.47823,1.47623,1.1600,1.2600
20.01.2014 00:16:38.252,1.47822,1.47622,2.7700,1.0800
20.01.2014 00:16:39.681,1.47821,1.47621,1.0100,1.6600
20.01.2014 00:16:41.150,1.47823,1.47623,2.5800,1.3500
20.01.2014 00:16:42.516,1.47824,1.47624,1.9000,1.3800
20.01.2014 00:16:43.953,1.47821,1.47621,1.9800,1.3900
20.01.2014 00:16:45.459,1.47822,1.47622,2.0600,2.8700
20.01.2014 00:16:46.949,1.47823,1.47623,1.9200,1.6100
20.01.2014 00:16:48.412,1.47823,1.47623,2.1700,1.8500
20.01.2014 00:16:49.910,1.47823,1.47623,2.0500,2.3400
20.01.2014 00:16:51.349,1.47825,1.47625,2.3100,2.5900
20.01.2014 00:16:52.878,1.47824,1.47624,2.1800,2.8400
20.01.2014 00:16:54.247,1.47824,1.47624,2.0000,2.2500
20.01.2014 00:16:55.540,1.47823,1.47623,2.3000,2.8700
20.01.2014 00:16:56.962,1.47822,1.47622,1.3600,1.6600
20.01.2014 00:16:58.697,1.47825,1.47625,1.4300,2.3200
20.01.2014 00:17:00.241,1.47826,1.47626,1.2800,2.8800
20.01.2014 00:17:01.719,1.47826,1.47626,1.7500,1.4300
20.01.2014 00:17:03.140,1.47827,1.47627,2.5200,2.7700
20.01.2014 00:17:04.400,1.47824,1.47624,2.2800,1.1400
20.01.2014 00:17:05.899,1.47825,1.47625,1.2500,1.8000
20.01.2014 00:17:07.253,1.47825,1.47625,1.3700,1.1500
20.01.2014 00:17:08.629,1.47823,1.47623,1.7000,2.0400
20.01.2014 00:17:09.941,1.47822,1.47622,1.5100,1.1800
20.01.2014 00:17:11.463,1.47822,1.47622,1.0300,2.7700
20.01.2014 00:17:12.744,1.47825,1.47625,1.2400,2.5800
20.01.2014 00:17:14.298,1.47825,1.47625,2.2200,1.8000
20.01.2014 00:17:15.736,1.47825,1.47625,2.3200,1.6800
20.01.2014 00:17:17.019,1.47823,1.47623,1.4900,1.4200
20.01.2014 00:17:18.187,1.47824,1.47624,2.1400,2.5100
20.01.2014 00:17:19.503,1.47823,1.47623,2.5400,2.2700
20.01.2014 00:17:21.083,1.47819,1.47619,2.5700,1.9300
20.01.2014 00:17:22.568,1.47819,1.47619,2.1300,1.8200
20.01.2014 00:17:24.109,1.47818,1.47618,1.8400,2.5400
20.01.2014 00:17:25.461,1.47817,1.47617,2.0400,2.0100
20.01.2014 00:17:26.877,1.47818,1.47618,2.7400,1.9500
20.01.2014 00:17:28.333,1.47820,1.47620,2.3600,1.1400
20.01.2014 00:17:29.758,1.47818,1.47618,2.0000,1.4400
20.01.2014 00:17:31.225,1.47817,1.47617,1.0600,1.3100
20.01.2014 00:17:32.740,1.47820,1.47620,2.4900,2.3800
20.01.2014 00:17:34.140,1.47821,1.47621,1.8300,1.0800
20.01.2014 00:17:35.373,1.47823,1.47623,2.3500,2.1100
20.01.2014 00:17:36.788,1.47824,1.47624,1.0600,2.9800
20.01.2014 00:17:38.142,1.47823,1.47623,1.7500,1.1400
20.01.2014 00:17:39.327,1.47825,1.47625,1.4200,1.0900
20.01.2014 00:17:40.758,1.47825,1.47625,1.2400,1.1400
20.01.2014 00:17:41.854,1.47827,1.47627,2.9700,2.8200
20.01.2014 00:17:43.111,1.47826,1.47626,2.4900,2.4200
20.01.2014 00:17:44.422,1.47826,1.47626,1.0800,2.9400
20.01.2014 00:17:45.892,1.47824,1.47624,1.8400,1.6800
20.01.2014 00:17:47.324,1.47826,1.47626,2.2200,1.4000
20.01.2014 00:17:48.746,1.47828,1.47628,1.4100,2.1000
20.01.2014 00:17:50.116,1.47827,1.47627,2.9400,1.9500
20.01.2014 00:17:51.556,1.47826,1.47626,2.8800,2.5300
20.01.2014 00:17:52.975,1.47828,1.47628,1.0800,2.2300
20.01.2014 00:17:54.584,1.47830,1.47630,1.2500,2.8900
20.01.2014 00:17:56.148,1.47832,1.47632,2.3800,2.5100
20.01.2014 00:17:57.626,1.47832,1.47632,1.2200,1.0500
20.01.2014 00:17:59.032,1.47831,1.47631,2.0400,1.3600
20.01.2014 00:18:00.511,1.47828,1.47628,2.1700,1.0600
20.01.2014 00:18:01.914,1.47828,1.47628,2.6700,2.9300
20.01.2014 00:18:03.359,1.47829,1.47629,2.8200,2.9000
20.01.2014 00:18:04.712,1.47828,1.47628,1.2300,1.4000
20.01.2014 00:18:06.215,1.47832,1.47632,1.7300,1.0200
20.01.2014 00:18:07.619,1.47829,1.47629,2.9100,2.6500
20.01.2014 00:18:09.045,1.47825,1.47625,1.3200,1.6300
20.01.2014 00:18:10.525,1.47825,1.47625,1.8500,1.5800
20.01.2014 00:18:11.859,1.47827,1.47627,2.0100,2.5800
20.01.2014 00:18:13.269,1.47826,1.47626,2.1300,1.0100
20.01.2014 00:18:14.666,1.47826,1.47626,1.4000,2.9700
20.01.2014 00:18:16.186,1.47828,1.47628,1.6900,2.3400
20.01.2014 00:18:17.606,1.47830,1.47630,2.4200,1.8300
20.01.2014 00:18:19.076,1.47830,1.47630,2.1600,1.5700
20.01.2014 00:18:20.500,1.47828,1.47628,1.7700,2.0500
20.01.2014 00:18:21.852,1.47831,1.47631,1.5500,1.2000
20.01.2014 00:18:23.313,1.47830,1.47630,1.0800,2.9500
20.01.2014 00:18:24.813,1.47830,1.47630,1.1500,2.2700
20.01.2014 00:18:26.366,1.47830,1.47630,2.8500,2.1600
20.01.2014 00:18:27.678,1.47830,1.47630,2.6500,2.2100
20.01.2014 00:18:28.974,1.47830,1.47630,2.2500,2.6500
20.01.2014 00:18:30.249,1.47830,1.47630,2.7400,1.4700
20.01.2014 00:18:31.700,1.47829,1.47629,1.4700,2.0300
20.01.2014 00:18:33.051,1.47827,1.47627,2.7500,1.5000
20.01.2014 00:18:34.404,1.47826,1.47626,2.6500,2.6700
20.01.2014 00:18:35.942,1.47826,1.47626,2.8100,1.9700
20.01.2014 00:18:37.261,1.47827,1.47627,1.6200,1.5700
20.01.2014 00:18:38.857,1.47828,1.47628,1.3200,2.4800
20.01.2014 00:18:40.204,1.47827,1.47627,1.2800,1.4100
20.01.2014 00:18:41.688,1.47826,1.47626,1.6100,1.2500
20.01.2014 00:18:42.976,1.47825,1.47625,2.4600,2.4600
20.01.2014 00:18:44.373,1.47826,1.47626,2.8400,1.4800
20.01.2014 00:18:45.778,1.47827,1.47627,2.2800,2.1500
20.01.2014 00:18:47.190,1.47825,1.47625,2.5700,2.5700
20.01.2014 00:18:48.500,1.47825,1.47625,2.7000,1.6400
20.01.2014 00:18:50.040,1.47824,1.47624,1.9500,2.2800
20.01.2014 00:18:51.436,1.47826,1.47626,1.2900,2.6800
20.01.2014 00:18:52.743,1.47829,1.47629,2.7900,1.0600
20.01.2014 00:18:54.140,1.47827,1.47627,2.8800,1.2300
20.01.2014 00:18:55.504,1.47827,1.47627,2.7600,2.6100
20.01.2014 00:18:56.819,1.47829,1.47629,2.3400,2.2200
20.01.2014 00:18:58.207,1.47830,1.47630,1.3700,2.5100
20.01.2014 00:18:59.571,1.47829,1.47629,2.9200,1.1800
20.01.2014 00:19:01.164,1.47831,1.47631,2.2300,2.5500
20.01.2014 00:19:02.541,1.47829,1.47629,1.2600,1.3300
20.01.2014 00:19:03.879,1.47828,1.47628,1.9100,2.6100
20.01.2014 00:19:05.257,1.47828,1.47628,1.9000,1.8400
20.01.2014 00:19:06.596,1.47828,1.47628,1.9800,1.6700
20.01.2014 00:19:07.932,1.47827,1.47627,1.9500,1.0400
20.01.2014 00:19:09.401,1.47827,1.47627,2.4500,1.1200
20.01.2014 00:19:10.701,1.47824,1.47624,1.4700,2.8500
20.01.2014 00:19:11.978,1.47827,1.47627,2.9200,2.5200
20.01.2014 00:19:13.340,1.47825,1.47625,2.7500,2.3000
20.01.2014 00:19:14.700,1.47825,1.47625,2.9100,1.5200
20.01.2014 00:19:16.046,1.47826,1.47626,2.1300,2.6800
20.01.2014 00:19:17.393,1.47827,1.47627,2.6900,2.3400
20.01.2014 00:19:18.950,1.47829,1.47629,1.8400,2.8600
20.01.2014 00:19:20.310,1.47828,1.47628,2.7300,2.0300
20.01.2014 00:19:21.647,1.47828,1.47628,1.6800,1.1100
20.01.2014 00:19:23.107,1.47827,1.47627,1.7000,1.6400
20.01.2014 00:19:24.587,1.47826,1.47626,1.9300,1.2600
20.01.2014 00:19:26.109,1.47824,1.47624,2.0400,1.4800
20.01.2014 00:19:27.409,1.47824,1.47624,2.5500,1.8600
20.01.2014 00:19:28.720,1.47825,1.47625,2.3500,2.3500
20.01.2014 00:19:30.128,1.47826,1.47626,2.1400,2.3600
20.01.2014 00:19:31.416,1.47828,1.47628,1.6300,2.6400
20.01.2014 00:19:32.839,1.47828,1.47628,1.0700,2.7500
20.01.2014 00:19:34.296,1.47828,1.47628,2.6800,2.6800
20.01.2014 00:19:35.609,1.47829,1.47629,1.6000,2.2700
20.01.2014 00:19:37.173,1.47832,1.47632,1.5000,2.2900
20.01.2014 00:19:38.543,1.47832,1.47632,2.2200,2.5000
20.01.2014 00:19:39.877,1.47832,1.47632,1.5100,2.5300
20.01.2014 00:19:41.227,1.47835,1.47635,1.4100,1.8400
20.01.2014 00:19:42.506,1.47834,1.47634,1.7500,1.8600
20.01.2014 00:19:43.818,1.47836,1.47636,1.9200,1.1000
20.01.2014 00:19:45.168,1.47835,1.47635,1.3100,2.6800
20.01.2014 00:19:46.565,1.47835,1.47635,1.7700,1.7100
20.01.2014 00:19:47.860,1.47838,1.47638,1.9900,1.8200
20.01.2014 00:19:49.154,1.47838,1.47638,2.0700,1.8900
20.01.2014 00:19:50.747,1.47841,1.47641,2.9200,2.7300
20.01.2014 00:19:52.126,1.47841,1.47641,1.0200,1.5000
20.01.2014 00:19:53.368,1.47842,1.47642,1.0300,2.9000
20.01.2014 00:19:54.760,1.47842,1.47642,1.6000,2.8400
20.01.2014 00:19:56.269,1.47843,1.47643,1.7600,2.1100
20.01.2014 00:19:57.718,1.47849,1.47649,2.0200,1.7500
20.01.2014 00:19:59.218,1.47851,1.47651,2.3200,2.9800
20.01.2014 00:20:00.749,1.47852,1.47652,2.4900,2.3200
20.01.2014 00:20:02.142,1.47855,1.47655,1.5700,2.9000
20.01.2014 00:20:03.605,1.47856,1.47656,2.9000,1.8100
20.01.2014 00:20:05.031,1.47854,1.47654,1.6400,1.2200
20.01.2014 00:20:06.391,1.47853,1.47653,2.0800,2.6200
20.01.2014 00:20:07.781,1.47854,1.47654,1.3600,1.1500
20.01.2014 00:20:09.150,1.47855,1.47655,1.0500,2.7200
20.01.2014 00:20:10.693,1.47856,1.47656,2.5500,2.1000
20.01.2014 00:20:12.027,1.47857,1.47657,2.6100,1.5600
20.01.2014 00:20:13.326,1.47859,1.47659,2.2600,1.4700
20.01.2014 00:20:14.706,1.47859,1.47659,2.8100,1.9200
20.01.2014 00:20:15.911,1.47860,1.47660,1.2300,1.0200
20.01.2014 00:20:17.172,1.47861,1.47661,2.0500,2.6000
20.01.2014 00:20:18.573,1.47860,1.47660,1.6600,1.9500
20.01.2014 00:20:19.958,1.47860,1.47660,1.6100,1.9700
20.01.2014 00:20:21.441,1.47863,1.47663,1.7300,2.0700
20.01.2014 00:20:22.871,1.47863,1.47663,2.2600,1.9100
20.01.2014 00:20:24.095,1.47863,1.47663,2.1400,1.7600
20.01.2014 00:20:25.280,1.47862,1.47662,2.9400,2.8400
20.01.2014 00:20:26.598,1.47863,1.47663,2.3200,1.2400
20.01.2014 00:20:28.075,1.47863,1.47663,2.0300,1.6800
20.01.2014 00:20:29.423,1.47863,1.47663,1.7900,1.4900
20.01.2014 00:20:30.956,1.47863,1.47663,1.6800,1.1600
20.01.2014 00:20:32.223,1.47862,1.47662,1.2600,1.2900
20.01.2014 00:20:33.773,1.47863,1.47663,2.0600,2.2100
20.01.2014 00:20:35.054,1.47865,1.47665,1.7900,2.9400
20.01.2014 00:20:36.195,1.47867,1.47667,1.6200,1.0900
20.01.2014 00:20:37.477,1.47867,1.47667,1.6500,2.4600
20.01.2014 00:20:38.975,1.47868,1.47668,2.0500,2.3200
20.01.2014 00:20:40.284,1.47868,1.47668,1.8600,2.5500
20.01.2014 00:20:41.705,1.47866,1.47666,1.9700,2.0000
20.01.2014 00:20:43.173,1.47868,1.47668,2.2900,2.6300
20.01.2014 00:20:44.490,1.47868,1.47668,2.3000,2.7800
20.01.2014 00:20:45.866,1.47867,1.47667,1.9100,1.3700
20.01.2014 00:20:47.331,1.47868,1.47668,1.8100,2.8200
20.01.2014 00:20:48.918,1.47865,1.47665,1.0500,2.8800
20.01.2014 00:20:50.447,1.47865,1.47665,2.8200,2.8700
20.01.2014 00:20:52.005,1.47864,1.47664,1.6100,2.5700
20.01.2014 00:20:53.367,1.47863,1.47663,2.3000,3.0000
20.01.2014 00:20:54.792,1.47863,1.47663,2.9900,2.1500
20.01.2014 00:20:56.169,1.47864,1.47664,1.6700,1.9900
20.01.2014 00:20:57.635,1.47864,1.47664,1.3100,2.0100
20.01.2014 00:20:59.147,1.47862,1.47662,1.4800,1.1700
20.01.2014 00:21:00.614,1.47863,1.47663,1.3800,1.2600
20.01.2014 00:21:02.115,1.47863,1.47663,1.4900,2.2100
20.01.2014 00:21:03.473,1.47863,1.47663,1.8800,2.9400
20.01.2014 00:21:04.841,1.47863,1.47663,2.1300,2.6700
20.01.2014 00:21:06.156,1.47864,1.47664,2.2900,1.2400
20.01.2014 00:21:07.608,1.47868,1.47668,2.6500,2.1300
20.01.2014 00:21:09.063,1.47867,1.47667,1.7000,1.2100
20.01.2014 00:21:10.613,1.47869,1.47669,1.1500,3.0000
20.01.2014 00:21:12.018,1.47868,1.47668,1.7700,1.2400
20.01.2014 00:21:13.451,1.47870,1.47670,2.2200,1.8200
20.01.2014 00:21:15.004,1.47869,1.47669,2.6000,2.3600
20.01.2014 00:21:16.506,1.47872,1.47672,1.0000,2.2400
20.01.2014 00:21:17.964,1.47872,1.47672,1.0300,1.7200
20.01.2014 00:21:19.136,1.47871,1.47671,2.7000,2.7700
20.01.2014 00:21:20.461,1.47871,1.47671,2.9600,2.4100
20.01.2014 00:21:21.792,1.47870,1.47670,1.9000,2.6200
20.01.2014 00:21:23.190,1.47873,1.47673,2.9900,1.9500
20.01.2014 00:21:24.584,1.47870,1.47670,2.6600,1.3000
20.01.2014 00:21:26.085,1.47871,1.47671,1.1500,1.8600
20.01.2014 00:21:27.537,1.47870,1.47670,2.7800,2.6100
20.01.2014 00:21:29.053,1.47870,1.47670,1.0900,2.0600
20.01.2014 00:21:30.363,1.47872,1.47672,1.3200,1.1700
20.01.2014 00:21:31.707,1.47871,1.47671,2.7400,1.1500
20.01.2014 00:21:32.926,1.47870,1.47670,2.2700,2.8900
20.01.2014 00:21:34.330,1.47871,1.47671,2.1900,1.3000
20.01.2014 00:21:35.729,1.47868,1.47668,2.6700,1.4100
20.01.2014 00:21:37.205,1.47870,1.47670,1.8000,2.1000
20.01.2014 00:21:38.517,1.47870,1.47670,1.7800,2.1500
20.01.2014 00:21:40.069,1.47870,1.47670,1.2200,1.9400
20.01.2014 00:21:41.559,1.47869,1.47669,2.4700,1.6800
20.01.2014 00:21:42.977,1.47870,1.47670,2.2800,1.3100
20.01.2014 00:21:44.344,1.47868,1.47668,1.5300,2.8700
20.01.2014 00:21:45.561,1.47867,1.47667,1.5500,2.4800
20.01.2014 00:21:46.896,1.47867,1.47667,1.8200,2.2900
20.01.2014 00:21:48.285,1.47867,1.47667,2.6200,1.9400
20.01.2014 00:21:49.690,1.47868,1.47668,1.0400,2.2400
20.01.2014 00:21:51.257,1.47868,1.47668,2.9200,2.8900
20.01.2014 00:21:52.745,1.47870,1.47670,1.1800,1.2400
20.01.2014 00:21:53.951,1.47874,1.47674,1.9300,1.3800
20.01.2014 00:21:55.387,1.47877,1.47677,1.1900,1.3700
20.01.2014 00:21:56.781,1.47874,1.47674,2.8400,2.5700
20.01.2014 00:21:58.166,1.47873,1.47673,1.6200,1.6600
20.01.2014 00:21:59.557,1.47870,1.47670,2.2800,2.2800
20.01.2014 00:22:00.982,1.47870,1.47670,2.8100,1.3900
20.01.2014 00:22:02.403,1.47870,1.47670,2.7300,1.9900
20.01.2014 00:22:03.846,1.47871,1.47671,2.0800,1.6000
20.01.2014 00:22:05.078,1.47871,1.47671,2.7100,2.3100
20.01.2014 00:22:06.489,1.47870,1.47670,1.0900,2.1300
20.01.2014 00:22:07.926,1.47871,1.47671,1.6500,2.1000
20.01.2014 00:22:09.351,1.47869,1.47669,2.5500,1.3900
20.01.2014 00:22:10.738,1.47868,1.47668,1.1200,2.6200
20.01.2014 00:22:12.320,1.47867,1.47667,1.6800,1.2900
20.01.2014 00:22:13.706,1.47869,1.47669,2.3900,2.3700
20.01.2014 00:22:14.972,1.47868,1.47668,1.8000,2.3300
20.01.2014 00:22:16.393,1.47869,1.47669,2.9800,1.2000
20.01.2014 00:22:17.707,1.47870,1.47670,2.1800,2.1000
20.01.2014 00:22:18.896,1.47870,1.47670,2.4400,1.7600
20.01.2014 00:22:20.255,1.47871,1.47671,1.8700,1.0000
20.01.2014 00:22:21.622,1.47870,1.47670,1.8200,1.0400
20.01.2014 00:22:22.933,1.47870,1.47670,1.1300,2.8500
20.01.2014 00:22:24.528,1.47873,1.47673,2.6900,1.4900
20.01.2014 00:22:26.059,1.47871,1.47671,2.3700,1.6800
20.01.2014 00:22:27.459,1.47871,1.47671,1.2300,2.2900
20.01.2014 00:22:28.934,1.47869,1.47669,1.3100,2.3000
20.01.2014 00:22:30.398,1.47869,1.47669,2.8800,2.3400
20.01.2014 00:22:31.792,1.47869,1.47669,2.9100,2.6300
20.01.2014 00:22:33.189,1.47867,1.47667,2.6100,1.8900
20.01.2014 00:22:34.685,1.47869,1.47669,2.2100,1.5800
20.01.2014 00:22:35.949,1.47871,1.47671,1.5300,1.9000
20.01.2014 00:22:37.196,1.47874,1.47674,2.7400,1.7100
20.01.2014 00:22:38.586,1.47875,1.47675,1.6800,2.7200
20.01.2014 00:22:39.930,1.47874,1.47674,2.0500,2.0500
20.01.2014 00:22:41.211,1.47874,1.47674,2.0700,1.5400
20.01.2014 00:22:42.575,1.47876,1.47676,1.6700,1.3200
20.01.2014 00:22:44.081,1.47876,1.47676,1.8400,1.6500
20.01.2014 00:22:45.381,1.47876,1.47676,2.8300,2.5800
20.01.2014 00:22:46.724,1.47876,1.47676,1.5800,1.1600
20.01.2014 00:22:48.220,1.47880,1.47680,1.7400,2.8900
20.01.2014 00:22:49.643,1.47880,1.47680,1.0100,2.5600
20.01.2014 00:22:51.114,1.47879,1.47679,1.3400,1.2800
20.01.2014 00:22:52.501,1.47881,1.47681,2.0500,2.2600
20.01.2014 00:22:53.982,1.47882,1.47682,2.0500,1.6000
20.01.2014 00:22:55.385,1.47881,1.47681,2.3800,2.4300
20.01.2014 00:22:56.849,1.47881,1.47681,2.8100,2.0200
20.01.2014 00:22:58.475,1.47882,1.47682,2.5400,1.9100
20.01.2014 00:22:59.862,1.47880,1.47680,2.0200,2.5600
20.01.2014 00:23:01.237,1.47879,1.47679,2.1900,1.3600
20.01.2014 00:23:02.616,1.47879,1.47679,2.5400,1.0900
20.01.2014 00:23:04.090,1.47880,1.47680,1.9500,2.5400
20.01.2014 00:23:05.499,1.47882,1.47682,2.0400,1.0500
20.01.2014 00:23:06.811,1.47879,1.47679,2.3700,2.9900
20.01.2014 00:23:08.087,1.47879,1.47679,1.4000,1.9700
20.01.2014 00:23:09.474,1.47880,1.47680,2.4500,2.7400
20.01.2014 00:23:10.715,1.47881,1.47681,2.3400,2.5000
20.01.2014 00:23:12.024,1.47879,1.47679,2.7200,1.8200
20.01.2014 00:23:13.508,1.47881,1.47681,1.2000,1.2700
20.01.2014 00:23:15.141,1.47881,1.47681,2.2200,1.8300
20.01.2014 00:23:16.457,1.47881,1.47681,1.2400,1.3800
20.01.2014 00:23:17.676,1.47881,1.47681,1.7900,2.2300
20.01.2014 00:23:18.987,1.47883,1.47683,2.7100,2.6400
20.01.2014 00:23:20.115,1.47884,1.47684,2.3300,1.8000
20.01.2014 00:23:21.464,1.47883,1.47683,2.8800,2.7300
20.01.2014 00:23:22.984,1.47885,1.47685,2.3500,1.7800
20.01.2014 00:23:24.503,1.47884,1.47684,1.6600,1.8300
20.01.2014 00:23:25.926,1.47882,1.47682,2.5500,1.6000
20.01.2014 00:23:27.394,1.47883,1.47683,2.1200,2.0100
20.01.2014 00:23:28.886,1.47884,1.47684,1.3500,1.0400
20.01.2014 00:23:30.271,1.47884,1.47684,1.5600,2.6100
20.01.2014 00:23:31.694,1.47886,1.47686,2.9700,1.7100
20.01.2014 00:23:33.143,1.47883,1.47683,1.9100,2.3100
20.01.2014 00:23:34.520,1.47880,1.47680,1.3000,1.2200
20.01.2014 00:23:35.813,1.47878,1.47678,1.0300,2.1400
20.01.2014 00:23:37.393,1.47875,1.47675,1.4400,2.2500
20.01.2014 00:23:38.646,1.47878,1.47678,2.4500,2.7300
20.01.2014 00:23:40.243,1.47878,1.47678,1.4600,1.8700
20.01.2014 00:23:41.744,1.47876,1.47676,2.7300,1.6400
20.01.2014 00:23:43.155,1.47877,1.47677,1.1800,2.8600
20.01.2014 00:23:44.643,1.47877,1.47677,1.9100,1.2600
20.01.2014 00:23:46.045,1.47879,1.47679,1.0200,2.4500
20.01.2014 00:23:47.409,1.47880,1.47680,2.9500,1.4700
20.01.2014 00:23:48.961,1.47880,1.47680,2.5000,1.1100
20.01.2014 00:23:50.297,1.47880,1.47680,1.7700,2.9000
20.01.2014 00:23:51.775,1.47880,1.47680,1.6200,1.3000
20.01.2014 00:23:53.221,1.47880,1.47680,2.3000,2.4300
20.01.2014 00:23:54.603,1.47879,1.47679,1.7500,2.9000
20.01.2014 00:23:56.245,1.47878,1.47678,2.0800,2.3000
20.01.2014 00:23:57.745,1.47874,1.47674,1.6000,1.0600
20.01.2014 00:23:59.005,1.47873,1.47673,2.6100,1.4700
20.01.2014 00:24:00.380,1.47873,1.47673,1.3700,2.7500
20.01.2014 00:24:01.969,1.47873,1.47673,1.5500,2.2900
20.01.2014 00:24:03.373,1.47874,1.47674,1.9300,1.9000
20.01.2014 00:24:04.853,1.47871,1.47671,1.5600,1.1100
20.01.2014 00:24:06.261,1.47870,1.47670,2.6000,2.1800
20.01.2014 00:24:07.701,1.47870,1.47670,1.5500,2.5200
20.01.2014 00:24:08.901,1.47870,1.47670,1.0900,1.6800
20.01.2014 00:24:10.305,1.47871,1.47671,1.4200,2.8000
20.01.2014 00:24:11.598,1.47872,1.47672,2.9600,2.3400
20.01.2014 00:24:12.981,1.47876,1.47676,1.7700,2.7100
20.01.2014 00:24:14.469,1.47874,1.47674,2.4100,1.0300
20.01.2014 00:24:15.786,1.47876,1.47676,1.6100,2.3800
20.01.2014 00:24:17.117,1.47875,1.47675,1.2400,1.6300
20.01.2014 00:24:18.504,1.47876,1.47676,1.7000,2.6800
20.01.2014 00:24:19.978,1.47873,1.47673,2.3500,1.3900
20.01.2014 00:24:21.299,1.47873,1.47673,2.6800,2.3100
20.01.2014 00:24:22.803,1.47871,1.47671,1.3800,2.5200
20.01.2014 00:24:24.095,1.47871,1.47671,1.5000,1.5900
20.01.2014 00:24:25.508,1.47872,1.47672,1.1800,1.3600
20.01.2014 00:24:26.864,1.47872,1.47672,2.8500,2.2300
20.01.2014 00:24:28.295,1.47873,1.47673,2.4000,1.1800
20.01.2014 00:24:29.777,1.47872,1.47672,2.8300,2.4100
20.01.2014 00:24:31.209,1.47872,1.47672,1.8600,1.2600
20.01.2014 00:24:32.695,1.47870,1.47670,1.8200,2.7600
20.01.2014 00:24:34.053,1.47869,1.47669,2.2500,1.9300
20.01.2014 00:24:35.243,1.47867,1.47667,1.5400,1.9500
20.01.2014 00:24:36.629,1.47868,1.47668,1.2600,1.2700
20.01.2014 00:24:38.081,1.47868,1.47668,2.1300,2.3200
20.01.2014 00:24:39.417,1.47871,1.47671,1.7700,1.0100
20.01.2014 00:24:40.697,1.47872,1.47672,2.8500,1.7600
20.01.2014 00:24:41.915,1.47872,1.47672,1.7400,2.3700
20.01.2014 00:24:43.239,1.47873,1.47673,1.9600,2.1600
20.01.2014 00:24:44.691,1.47873,1.47673,1.9600,2.6600
20.01.2014 00:24:46.216,1.47873,1.47673,1.1500,1.3300
20.01.2014 00:24:47.624,1.47870,1.47670,1.2600,2.2700
20.01.2014 00:24:49.066,1.47870,1.47670,1.6100,2.8600
20.01.2014 00:24:50.608,1.47867,1.47667,2.3900,1.1700
20.01.2014 00:24:51.927,1.47865,1.47665,1.7700,2.8400
20.01.2014 00:24:53.257,1.47865,1.47665,1.3800,2.6400
20.01.2014 00:24:54.528,1.47864,1.47664,2.5800,2.7900
20.01.2014 00:24:56.088,1.47863,1.47663,2.0400,1.4600
20.01.2014 00:24:57.402,1.47862,1.47662,1.9000,2.6200
20.01.2014 00:24:58.773,1.47862,1.47662,2.9300,1.0800
20.01.2014 00:25:00.092,1.47862,1.47662,1.9900,2.9700
20.01.2014 00:25:01.472,1.47865,1.47665,2.3100,1.8000
20.01.2014 00:25:02.929,1.47862,1.47662,2.4400,1.5500
20.01.2014 00:25:04.294,1.47866,1.47666,1.9200,2.3800
20.01.2014 00:25:05.714,1.47865,1.47665,2.2200,2.2000
20.01.2014 00:25:07.164,1.47862,1.47662,1.4700,1.3700
20.01.2014 00:25:08.539,1.47864,1.47664,1.8100,2.5000
20.01.2014 00:25:09.856,1.47864,1.47664,2.6100,1.5000
20.01.2014 00:25:11.280,1.47866,1.47666,2.5400,2.5200
20.01.2014 00:25:12.641,1.47865,1.47665,2.4400,2.8600
20.01.2014 00:25:14.013,1.47864,1.47664,2.1900,1.4300
20.01.2014 00:25:15.428,1.47861,1.47661,2.6800,2.9700
20.01.2014 00:25:16.889,1.47861,1.47661,2.3000,1.0500
20.01.2014 00:25:18.236,1.47860,1.47660,2.6900,1.2900
20.01.2014 00:25:19.658,1.47860,1.47660,1.8900,2.2600
20.01.2014 00:25:21.101,1.47862,1.47662,2.4000,2.2300
20.01.2014 00:25:22.512,1.47864,1.47664,1.2500,2.1800
20.01.2014 00:25:23.939,1.47865,1.47665,1.6300,1.6100
20.01.2014 00:25:25.359,1.47866,1.47666,2.1600,1.9400
20.01.2014 00:25:26.739,1.47865,1.47665,2.4000,1.2400
20.01.2014 00:25:28.001,1.47867,1.47667,2.5700,1.6600
20.01.2014 00:25:29.301,1.47866,1.47666,2.2600,1.2000
20.01.2014 00:25:30.722,1.47868,1.47668,1.2000,1.1200
20.01.2014 00:25:32.149,1.47865,1.47665,1.2600,2.7300
20.01.2014 00:25:33.569,1.47869,1.47669,1.2900,2.2300
20.01.2014 00:25:34.959,1.47871,1.47671,2.1200,2.4400
20.01.2014 00:25:36.440,1.47869,1.47669,1.4200,2.3400
20.01.2014 00:25:37.921,1.47873,1.47673,2.6200,1.4600
20.01.2014 00:25:39.211,1.47875,1.47675,1.6500,2.6700
20.01.2014 00:25:40.630,1.47872,1.47672,1.5400,2.1600
20.01.2014 00:25:42.117,1.47870,1.47670,1.1400,2.5100
20.01.2014 00:25:43.454,1.47868,1.47668,2.9900,2.8400
20.01.2014 00:25:44.733,1.47869,1.47669,2.2900,1.6000
20.01.2014 00:25:46.191,1.47873,1.47673,1.9600,1.5100
20.01.2014 00:25:47.630,1.47872,1.47672,2.2100,1.9400
20.01.2014 00:25:49.092,1.47872,1.47672,2.4000,1.8900
20.01.2014 00:25:50.398,1.47873,1.47673,2.1500,2.5100
20.01.2014 00:25:51.724,1.47875,1.47675,1.3700,2.7400
20.01.2014 00:25:53.179,1.47874,1.47674,2.1300,1.1100
20.01.2014 00:25:54.580,1.47872,1.47672,2.3200,2.2300
20.01.2014 00:25:55.946,1.47874,1.47674,2.3300,1.5800
20.01.2014 00:25:57.117,1.47873,1.47673,1.1800,2.3900
20.01.2014 00:25:58.577,1.47874,1.47674,1.3000,1.1400
20.01.2014 00:25:59.925,1.47874,1.47674,2.8200,1.8200
20.01.2014 00:26:01.379,1.47878,1.47678,2.6500,2.0700
20.01.2014 00:26:02.786,1.47880,1.47680,2.8200,2.6100
20.01.2014 00:26:04.278,1.47878,1.47678,1.8400,1.6800
20.01.2014 00:26:05.670,1.47878,1.47678,1.0100,2.8100
20.01.2014 00:26:07.138,1.47880,1.47680,1.4300,1.8400
20.01.2014 00:26:08.614,1.47878,1.47678,2.4000,2.8800
20.01.2014 00:26:09.933,1.47879,1.47679,2.5500,1.3800
20.01.2014 00:26:11.305,1.47878,1.47678,1.2500,2.0500
20.01.2014 00:26:12.760,1.47878,1.47678,2.3900,1.9900
20.01.2014 00:26:14.301,1.47877,1.47677,2.5300,1.1200
20.01.2014 00:26:15.714,1.47877,1.47677,2.8500,2.1300
20.01.2014 00:26:17.072,1.47877,1.47677,1.0400,2.3900
20.01.2014 00:26:18.489,1.47877,1.47677,1.0600,1.7700
20.01.2014 00:26:19.915,1.47877,1.47677,2.5500,1.8900
20.01.2014 00:26:21.307,1.47875,1.47675,1.3300,2.8100
20.01.2014 00:26:22.544,1.47876,1.47676,2.4500,2.1900
20.01.2014 00:26:24.073,1.47878,1.47678,1.3500,1.2300
20.01.2014 00:26:25.354,1.47880,1.47680,2.0200,2.5500
20.01.2014 00:26:26.800,1.47882,1.47682,2.1800,1.3100
20.01.2014 00:26:28.271,1.47882,1.47682,2.8300,2.7700
20.01.2014 00:26:29.696,1.47880,1.47680,2.3200,2.7500
20.01.2014 00:26:31.015,1.47880,1.47680,1.2700,1.2800
20.01.2014 00:26:32.369,1.47880,1.47680,1.0500,1.4800
20.01.2014 00:26:33.792,1.47879,1.47679,1.9200,2.2100
20.01.2014 00:26:35.311,1.47880,1.47680,1.1100,2.6400
20.01.2014 00:26:36.818,1.47882,1.47682,1.1700,2.0000
20.01.2014 00:26:38.481,1.47882,1.47682,1.1700,1.3600
20.01.2014 00:26:39.926,1.47883,1.47683,1.7100,1.0500
20.01.2014 00:26:41.258,1.47881,1.47681,2.3300,2.8400
20.01.2014 00:26:42.539,1.47880,1.47680,2.0900,1.6200
20.01.2014 00:26:43.897,1.47882,1.47682,2.5300,1.7700
20.01.2014 00:26:45.242,1.47884,1.47684,2.4600,2.4100
20.01.2014 00:26:46.542,1.47883,1.47683,2.2200,1.3000
20.01.2014 00:26:47.799,1.47884,1.47684,2.8000,1.1000
20.01.2014 00:26:49.103,1.47886,1.47686,1.6200,2.8000
20.01.2014 00:26:50.383,1.47888,1.47688,2.1700,1.7600
20.01.2014 00:26:51.517,1.47888,1.47688,1.9100,2.2100
20.01.2014 00:26:52.968,1.47888,1.47688,1.2300,2.9900
20.01.2014 00:26:54.296,1.47887,1.47687,2.4500,1.2100
20.01.2014 00:26:55.638,1.47888,1.47688,1.1900,2.1500
20.01.2014 00:26:57.029,1.47885,1.47685,2.5500,2.3800
20.01.2014 00:26:58.423,1.47886,1.47686,2.1400,2.4100
20.01.2014 00:26:59.821,1.47886,1.47686,2.3300,1.2400
20.01.2014 00:27:01.181,1.47885,1.47685,2.6200,2.5600
20.01.2014 00:27:02.693,1.47883,1.47683,2.3100,2.7100
20.01.2014 00:27:03.945,1.47883,1.47683,1.5800,1.8100
20.01.2014 00:27:05.281,1.47884,1.47684,2.3000,1.3400
20.01.2014 00:27:06.669,1.47884,1.47684,1.8300,1.3600
20.01.2014 00:27:07.920,1.47885,1.47685,2.6600,1.6300
20.01.2014 00:27:09.239,1.47884,1.47684,1.0600,2.8100
20.01.2014 00:27:10.464,1.47884,1.47684,2.3700,1.4100
20.01.2014 00:27:11.880,1.47885,1.47685,1.3800,2.9700
20.01.2014 00:27:13.342,1.47887,1.47687,2.8300,2.2000
20.01.2014 00:27:14.854,1.47887,1.47687,2.0000,1.4800
20.01.2014 00:27:16.175,1.47889,1.47689,2.1000,2.4100
20.01.2014 00:27:17.620,1.47888,1.47688,2.6400,1.7900
20.01.2014 00:27:19.019,1.47886,1.47686,1.2000,2.9200
20.01.2014 00:27:20.526,1.47886,1.47686,2.9800,1.1500
20.01.2014 00:27:21.811,1.47887,1.47687,1.9600,2.2400
20.01.2014 00:27:23.217,1.47889,1.47689,2.1700,1.5700
20.01.2014 00:27:24.551,1.47890,1.47690,2.2700,1.6600
20.01.2014 00:27:25.989,1.47891,1.47691,2.2700,1.5000
20.01.2014 00:27:27.343,1.47891,1.47691,2.5600,2.9900
20.01.2014 00:27:28.728,1.47889,1.47689,1.4000,1.9400
20.01.2014 00:27:30.145,1.47891,1.47691,2.1400,1.4500
20.01.2014 00:27:31.595,1.47889,1.47689,1.9300,2.7400
20.01.2014 00:27:33.046,1.47891,1.47691,1.1200,1.8200
20.01.2014 00:27:34.543,1.47890,1.47690,2.4800,1.2500
20.01.2014 00:27:36.017,1.47891,1.47691,2.6700,1.9500
20.01.2014 00:27:37.400,1.47891,1.47691,1.8500,2.0100
20.01.2014 00:27:38.815,1.47890,1.47690,1.0800,2.3800
20.01.2014 00:27:40.093,1.47891,1.47691,2.6300,1.7900
20.01.2014 00:27:41.359,1.47890,1.47690,2.0000,1.9100
20.01.2014 00:27:42.749,1.47889,1.47689,2.9300,2.9500
20.01.2014 00:27:44.029,1.47888,1.47688,1.5400,1.6800
20.01.2014 00:27:45.303,1.47886,1.47686,1.0400,1.2300
20.01.2014 00:27:46.804,1.47888,1.47688,1.7000,1.8800
20.01.2014 00:27:48.153,1.47888,1.47688,1.4500,2.6200
20.01.2014 00:27:49.607,1.47889,1.47689,2.7700,2.8700
20.01.2014 00:27:50.935,1.47886,1.47686,2.7800,1.1700
20.01.2014 00:27:52.493,1.47887,1.47687,1.0100,1.5500
20.01.2014 00:27:54.004,1.47885,1.47685,2.1900,2.8600
20.01.2014 00:27:55.488,1.47888,1.47688,2.8800,1.8000
20.01.2014 00:27:56.945,1.47888,1.47688,1.4300,2.6500
20.01.2014 00:27:58.523,1.47889,1.47689,2.9500,1.3500
20.01.2014 00:27:59.902,1.47885,1.47685,2.2300,2.5900
20.01.2014 00:28:01.394,1.47883,1.47683,1.0100,1.9200
20.01.2014 00:28:02.756,1.47883,1.47683,1.5800,1.8900
20.01.2014 00:28:04.015,1.47883,1.47683,1.3800,2.9800
20.01.2014 00:28:05.325,1.47882,1.47682,2.3900,2.1300
20.01.2014 00:28:06.807,1.47881,1.47681,1.7800,1.0200
20.01.2014 00:28:08.404,1.47881,1.47681,1.6100,1.4400
20.01.2014 00:28:09.710,1.47882,1.47682,1.4400,2.6200
20.01.2014 00:28:11.072,1.47880,1.47680,2.6900,1.7400
20.01.2014 00:28:12.416,1.47879,1.47679,2.1200,1.5800
20.01.2014 00:28:13.794,1.47878,1.47678,1.0600,1.2200
20.01.2014 00:28:15.018,1.47876,1.47676,2.9500,1.4800
20.01.2014 00:28:16.467,1.47873,1.47673,1.7100,1.5300
20.01.2014 00:28:17.597,1.47874,1.47674,2.5400,2.8400
20.01.2014 00:28:18.988,1.47873,1.47673,1.7900,1.8700
20.01.2014 00:28:20.513,1.47874,1.47674,2.9500,1.3000
20.01.2014 00:28:21.996,1.47872,1.47672,1.1400,2.7800
20.01.2014 00:28:23.457,1.47871,1.47671,2.7500,3.0000
20.01.2014 00:28:24.869,1.47871,1.47671,2.1000,2.3700
20.01.2014 00:28:26.428,1.47873,1.47673,1.8000,2.4800
20.01.2014 00:28:27.950,1.47871,1.47671,2.8500,1.4300
20.01.2014 00:28:29.316,1.47870,1.47670,1.9500,2.2200
20.01.2014 00:28:30.554,1.47870,1.47670,2.1900,1.7800
20.01.2014 00:28:32.090,1.47869,1.47669,1.2300,2.9800
20.01.2014 00:28:33.465,1.47868,1.47668,2.4300,1.7500
20.01.2014 00:28:34.921,1.47868,1.47668,1.8600,2.3600
20.01.2014 00:28:36.369,1.47865,1.47665,1.4100,2.6700
20.01.2014 00:28:37.711,1.47866,1.47666,1.5800,1.9800
20.01.2014 00:28:38.877,1.47866,1.47666,1.5300,1.2000
20.01.2014 00:28:40.344,1.47864,1.47664,1.8100,2.8700
20.01.2014 00:28:41.866,1.47866,1.47666,1.0400,1.0800
20.01.2014 00:28:43.084,1.47865,1.47665,1.8800,1.6900
20.01.2014 00:28:44.470,1.47863,1.47663,1.4400,1.9200
20.01.2014 00:28:45.750,1.47864,1.47664,2.0500,2.3000
20.01.2014 00:28:47.142,1.47866,1.47666,2.5000,1.4500
20.01.2014 00:28:48.406,1.47866,1.47666,1.2400,2.7900
20.01.2014 00:28:49.708,1.47866,1.47666,1.6600,1.6000
20.01.2014 00:28:51.077,1.47868,1.47668,2.9300,2.5200
20.01.2014 00:28:52.476,1.47870,1.47670,1.2100,1.2300
20.01.2014 00:28:54.122,1.47869,1.47669,1.4700,1.6600
20.01.2014 00:28:55.567,1.47871,1.47671,1.1900,1.5200
20.01.2014 00:28:57.133,1.47872,1.47672,1.9900,1.7400
20.01.2014 00:28:58.497,1.47875,1.47675,2.8600,2.3700
20.01.2014 00:28:59.920,1.47874,1.47674,2.6400,1.9700
20.01.2014 00:29:01.367,1.47875,1.47675,2.6100,1.6100
20.01.2014 00:29:02.711,1.47875,1.47675,1.6900,2.4600
20.01.2014 00:29:03.910,1.47874,1.47674,2.1500,1.1700
20.01.2014 00:29:05.359,1.47874,1.47674,1.6500,1.7500
20.01.2014 00:29:06.889,1.47877,1.47677,1.3800,1.6800
20.01.2014 00:29:08.255,1.47878,1.47678,1.1300,2.3900
20.01.2014 00:29:09.618,1.47877,1.47677,1.3600,1.0400
20.01.2014 00:29:10.909,1.47878,1.47678,1.3200,1.5000
20.01.2014 00:29:12.272,1.47879,1.47679,1.4100,2.9600
20.01.2014 00:29:13.529,1.47876,1.47676,2.1100,2.1400
20.01.2014 00:29:14.839,1.47875,1.47675,2.8800,1.5100
20.01.2014 00:29:16.323,1.47876,1.47676,1.8100,1.0200
20.01.2014 00:29:17.929,1.47877,1.47677,1.8100,2.6400
20.01.2014 00:29:19.459,1.47877,1.47677,2.8100,2.9600
20.01.2014 00:29:20.857,1.47878,1.47678,2.0300,2.6400
20.01.2014 00:29:22.132,1.47879,1.47679,2.1800,1.3400
20.01.2014 00:29:23.435,1.47878,1.47678,1.3500,2.9100
20.01.2014 00:29:25.071,1.47879,1.47679,2.6600,2.6300
20.01.2014 00:29:26.406,1.47879,1.47679,1.1300,1.9300
20.01.2014 00:29:27.711,1.47879,1.47679,1.2800,1.5700
20.01.2014 00:29:29.120,1.47877,1.47677,1.8100,1.9400
20.01.2014 00:29:30.466,1.47877,1.47677,1.6000,1.6000
20.01.2014 00:29:31.781,1.47878,1.47678,2.4600,1.6800
20.01.2014 00:29:33.156,1.47878,1.47678,1.2500,2.9100
20.01.2014 00:29:34.507,1.47879,1.47679,1.5000,2.9800
20.01.2014 00:29:35.735,1.47878,1.47678,1.2200,1.1100
20.01.2014 00:29:37.090,1.47875,1.47675,1.9800,1.2000
20.01.2014 00:29:38.592,1.47874,1.47674,2.2600,2.7700
20.01.2014 00:29:39.860,1.47874,1.47674,2.5400,2.3200
20.01.2014 00:29:41.271,1.47874,1.47674,1.4400,1.5500
20.01.2014 00:29:42.792,1.47871,1.47671,1.2400,2.2800
20.01.2014 00:29:44.361,1.47873,1.47673,2.2800,2.6300
20.01.2014 00:29:45.886,1.47875,1.47675,1.0500,2.9000
20.01.2014 00:29:47.441,1.47876,1.47676,2.4700,1.0000
20.01.2014 00:29:48.664,1.47878,1.47678,2.0900,1.7200
20.01.2014 00:29:49.963,1.47877,1.47677,2.0000,2.8900
20.01.2014 00:29:51.203,1.47877,1.47677,2.8400,1.3000
20.01.2014 00:29:52.599,1.47880,1.47680,1.1200,2.4300
20.01.2014 00:29:53.936,1.47879,1.47679,1.3600,1.4700
20.01.2014 00:29:55.348,1.47879,1.47679,1.4000,2.2000
20.01.2014 00:29:56.881,1.47878,1.47678,2.9800,2.5400
20.01.2014 00:29:58.206,1.47879,1.47679,1.9300,2.2400
20.01.2014 00:29:59.596,1.47877,1.47677,2.0800,2.9700
20.01.2014 00:30:01.058,1.47881,1.47681,2.6100,2.7300
20.01.2014 00:30:02.500,1.47882,1.47682,1.3700,2.2700
20.01.2014 00:30:03.838,1.47883,1.47683,2.5400,2.8300
20.01.2014 00:30:05.317,1.47884,1.47684,1.7300,1.6900
20.01.2014 00:30:06.655,1.47882,1.47682,2.2900,2.2900
20.01.2014 00:30:07.946,1.47880,1.47680,2.8800,2.1100
20.01.2014 00:30:09.296,1.47879,1.47679,1.4100,1.7900
20.01.2014 00:30:10.624,1.47878,1.47678,1.3300,2.5600
20.01.2014 00:30:11.964,1.47877,1.47677,2.9900,2.6100
20.01.2014 00:30:13.300,1.47876,1.47676,1.9000,1.6400
20.01.2014 00:30:14.574,1.47874,1.47674,2.9300,2.5500
20.01.2014 00:30:15.921,1.47875,1.47675,1.7600,1.1800
20.01.2014 00:30:17.177,1.47876,1.47676,1.3200,1.8600
20.01.2014 00:30:18.658,1.47875,1.47675,2.2800,2.4800
20.01.2014 00:30:19.867,1.47875,1.47675,2.1000,2.9000
20.01.2014 00:30:21.187,1.47875,1.47675,2.8000,2.5200
20.01.2014 00:30:22.579,1.47874,1.47674,1.7300,1.9700
20.01.2014 00:30:24.029,1.47873,1.47673,2.1000,2.0700
20.01.2014 00:30:25.454,1.47871,1.47671,2.1500,2.0500
20.01.2014 00:30:26.795,1.47871,1.47671,2.6700,1.5400
20.01.2014 00:30:28.268,1.47869,1.47669,1.3100,1.3400
20.01.2014 00:30:29.537,1.47869,1.47669,1.2800,1.2300
20.01.2014 00:30:31.008,1.47875,1.47675,2.5800,1.6600
20.01.2014 00:30:32.452,1.47875,1.47675,1.7400,1.4300
20.01.2014 00:30:33.863,1.47876,1.47676,1.9300,2.1500
20.01.2014 00:30:35.350,1.47879,1.47679,1.7500,1.6100
20.01.2014 00:30:36.769,1.47879,1.47679,2.7400,1.3700
20.01.2014 00:30:38.288,1.47881,1.47681,1.8400,1.5200
20.01.2014 00:30:39.577,1.47877,1.47677,2.7000,1.6100
20.01.2014 00:30:40.725,1.47879,1.47679,1.1700,1.9300
20.01.2014 00:30:41.972,1.47880,1.47680,1.1100,2.9600
20.01.2014 00:30:43.459,1.47877,1.47677,1.3300,2.1600
20.01.2014 00:30:44.823,1.47874,1.47674,2.3300,1.1800
20.01.2014 00:30:46.353,1.47873,1.47673,1.3100,1.5600
20.01.2014 00:30:47.689,1.47874,1.47674,2.9700,2.4500
20.01.2014 00:30:49.088,1.47875,1.47675,2.5000,2.0900
20.01.2014 00:30:50.609,1.47874,1.47674,2.2400,1.8900
20.01.2014 00:30:51.870,1.47875,1.47675,2.9500,1.9900
20.01.2014 00:30:53.372,1.47875,1.47675,1.1400,2.1700
20.01.2014 00:30:54.699,1.47876,1.47676,2.2400,1.9300
20.01.2014 00:30:56.063,1.47876,1.47676,1.1600,1.7900
20.01.2014 00:30:57.416,1.47874,1.47674,2.0900,2.1200
20.01.2014 00:30:58.644,1.47874,1.47674,1.1000,1.6500
20.01.2014 00:30:59.917,1.47875,1.47675,2.3500,2.3400
20.01.2014 00:31:01.209,1.47875,1.47675,1.7700,2.6800
20.01.2014 00:31:02.464,1.47877,1.47677,1.7900,2.4800
20.01.2014 00:31:03.956,1.47875,1.47675,1.5300,1.7200
20.01.2014 00:31:05.256,1.47875,1.47675,1.8100,1.1300
20.01.2014 00:31:06.565,1.47875,1.47675,1.4000,1.5500
20.01.2014 00:31:07.886,1.47874,1.47674,2.5900,1.9300
20.01.2014 00:31:09.137,1.47874,1.47674,2.5400,2.9000
20.01.2014 00:31:10.395,1.47875,1.47675,2.8400,1.8400
20.01.2014 00:31:11.764,1.47874,1.47674,1.1900,2.0700
20.01.2014 00:31:13.133,1.47874,1.47674,1.2400,2.2100
20.01.2014 00:31:14.434,1.47875,1.47675,2.9300,2.2800
20.01.2014 00:31:15.730,1.47874,1.47674,1.1800,2.5700
20.01.2014 00:31:17.132,1.47874,1.47674,1.3000,2.7000
20.01.2014 00:31:18.415,1.47875,1.47675,2.8400,1.6000
20.01.2014 00:31:19.810,1.47872,1.47672,1.3800,1.5300
20.01.2014 00:31:21.259,1.47873,1.47673,2.0400,2.0000
20.01.2014 00:31:22.751,1.47872,1.47672,2.5600,2.0500
20.01.2014 00:31:24.267,1.47871,1.47671,2.8400,1.3100
20.01.2014 00:31:25.584,1.47869,1.47669,1.2000,2.1900
20.01.2014 00:31:27.004,1.47868,1.47668,2.3100,2.3900
20.01.2014 00:31:28.415,1.47869,1.47669,1.3100,1.2500
20.01.2014 00:31:29.874,1.47868,1.47668,2.3600,2.5100
20.01.2014 00:31:31.344,1.47868,1.47668,2.6200,1.1100
20.01.2014 00:31:32.887,1.47869,1.47669,1.9600,2.9100
20.01.2014 00:31:34.110,1.47869,1.47669,1.1100,2.5900
20.01.2014 00:31:35.422,1.47869,1.47669,2.9100,2.5500
20.01.2014 00:31:36.735,1.47869,1.47669,1.6100,1.3600
20.01.2014 00:31:38.203,1.47869,1.47669,2.7400,1.1500
20.01.2014 00:31:39.659,1.47871,1.47671,1.3200,2.3900
20.01.2014 00:31:41.008,1.47871,1.47671,2.5300,1.4000
20.01.2014 00:31:42.390,1.47871,1.47671,2.3700,2.9000
20.01.2014 00:31:43.789,1.47872,1.47672,2.5700,1.9600
20.01.2014 00:31:45.025,1.47871,1.47671,1.4900,1.6700
20.01.2014 00:31:46.552,1.47871,1.47671,1.9000,1.2300
20.01.2014 00:31:48.032,1.47872,1.47672,2.3600,1.0300
20.01.2014 00:31:49.364,1.47871,1.47671,1.6300,2.1400
20.01.2014 00:31:50.769,1.47871,1.47671,1.2200,2.8100
20.01.2014 00:31:52.153,1.47872,1.47672,2.0900,2.7400
20.01.2014 00:31:53.733,1.47869,1.47669,1.0100,1.0100
20.01.2014 00:31:55.189,1.47869,1.47669,2.6600,1.6400
20.01.2014 00:31:56.633,1.47868,1.47668,2.9700,2.5600
20.01.2014 00:31:58.069,1.47869,1.47669,1.4900,1.1000
20.01.2014 00:31:59.374,1.47870,1.47670,1.4000,2.5600
20.01.2014 00:32:00.882,1.47872,1.47672,2.2800,1.5500
20.01.2014 00:32:02.316,1.47872,1.47672,2.7800,2.1500
20.01.2014 00:32:03.581,1.47871,1.47671,2.4800,1.1500
20.01.2014 00:32:05.001,1.47871,1.47671,1.5000,2.1400
20.01.2014 00:32:06.310,1.47871,1.47671,2.2600,1.2800
20.01.2014 00:32:07.748,1.47870,1.47670,2.5700,1.1500
20.01.2014 00:32:09.173,1.47869,1.47669,1.6200,1.1800
20.01.2014 00:32:10.490,1.47870,1.47670,1.3000,1.2800
20.01.2014 00:32:11.796,1.47872,1.47672,1.1900,2.3400
20.01.2014 00:32:13.208,1.47874,1.47674,2.7800,1.3200
20.01.2014 00:32:14.399,1.47874,1.47674,1.0200,2.1300
20.01.2014 00:32:15.844,1.47875,1.47675,1.5000,1.7700
20.01.2014 00:32:17.175,1.47874,1.47674,1.4600,1.7100
20.01.2014 00:32:18.429,1.47874,1.47674,2.5500,2.5000
20.01.2014 00:32:19.945,1.47875,1.47675,2.5400,1.1700
20.01.2014 00:32:21.297,1.47873,1.47673,1.1200,2.1200
20.01.2014 00:32:22.584,1.47871,1.47671,1.3500,2.8000
20.01.2014 00:32:24.133,1.47872,1.47672,2.6900,2.2600
20.01.2014 00:32:25.583,1.47873,1.47673,1.3300,2.6500
20.01.2014 00:32:26.985,1.47872,1.47672,2.2500,1.4300
20.01.2014 00:32:28.507,1.47872,1.47672,1.2600,2.0200
20.01.2014 00:32:29.950,1.47873,1.47673,1.7300,2.9800
20.01.2014 00:32:31.441,1.47878,1.47678,2.9000,2.9200
20.01.2014 00:32:32.816,1.47878,1.47678,1.5200,2.6300
20.01.2014 00:32:34.086,1.47878,1.47678,2.3000,2.1200
20.01.2014 00:32:35.614,1.47877,1.47677,1.9500,1.0400
20.01.2014 00:32:37.039,1.47875,1.47675,2.3100,1.8300
20.01.2014 00:32:38.429,1.47876,1.47676,2.5800,2.5300
20.01.2014 00:32:39.708,1.47877,1.47677,2.6100,2.2900
20.01.2014 00:32:41.174,1.47873,1.47673,1.9200,1.6800
20.01.2014 00:32:42.836,1.47872,1.47672,1.1900,2.5400
20.01.2014 00:32:44.144,1.47869,1.47669,2.0600,1.4500
20.01.2014 00:32:45.674,1.47867,1.47667,1.7500,2.7100
20.01.2014 00:32:47.022,1.47865,1.47665,2.6200,2.3800
20.01.2014 00:32:48.607,1.47863,1.47663,1.6100,2.5700
20.01.2014 00:32:50.034,1.47862,1.47662,1.2100,2.2200
20.01.2014 00:32:51.416,1.47861,1.47661,1.6500,1.0200
20.01.2014 00:32:52.855,1.47861,1.47661,1.8100,2.9900
20.01.2014 00:32:54.307,1.47862,1.47662,2.5600,1.5300
20.01.2014 00:32:55.770,1.47860,1.47660,2.8300,1.6700
20.01.2014 00:32:57.226,1.47863,1.47663,1.0900,2.1500
20.01.2014 00:32:58.888,1.47863,1.47663,2.6100,2.0500
20.01.2014 00:33:00.377,1.47863,1.47663,2.9900,1.4000
20.01.2014 00:33:01.827,1.47861,1.47661,1.7800,1.9900
20.01.2014 00:33:03.201,1.47860,1.47660,2.9300,2.8400
20.01.2014 00:33:04.526,1.47861,1.47661,1.3000,2.9900
20.01.2014 00:33:05.945,1.47862,1.47662,1.2300,1.7000
20.01.2014 00:33:07.328,1.47861,1.47661,1.9100,1.4100
20.01.2014 00:33:08.721,1.47860,1.47660,2.1000,2.3400
20.01.2014 00:33:09.999,1.47862,1.47662,1.2400,2.6900
20.01.2014 00:33:11.620,1.47860,1.47660,2.6800,1.5900
20.01.2014 00:33:13.154,1.47858,1.47658,1.8700,2.5000
20.01.2014 00:33:14.589,1.47855,1.47655,2.6600,1.9700
20.01.2014 00:33:16.031,1.47855,1.47655,1.3700,1.3500
20.01.2014 00:33:17.700,1.47858,1.47658,1.9700,2.9700
20.01.2014 00:33:19.168,1.47858,1.47658,1.3400,2.2300
20.01.2014 00:33:20.425,1.47859,1.47659,2.1700,1.5200
20.01.2014 00:33:21.768,1.47859,1.47659,1.6900,1.5900
20.01.2014 00:33:23.083,1.47859,1.47659,2.2600,2.6000
20.01.2014 00:33:24.505,1.47859,1.47659,1.5900,1.0800
20.01.2014 00:33:25.826,1.47859,1.47659,2.4800,1.7800
20.01.2014 00:33:27.202,1.47860,1.47660,1.7500,1.1500
20.01.2014 00:33:28.692,1.47861,1.47661,1.1500,2.1500
20.01.2014 00:33:29.963,1.47861,1.47661,2.2800,2.4900
20.01.2014 00:33:31.295,1.47862,1.47662,2.1400,2.8600
20.01.2014 00:33:32.614,1.47863,1.47663,2.6600,2.3100
20.01.2014 00:33:34.142,1.47864,1.47664,1.1100,1.6000
20.01.2014 00:33:35.377,1.47864,1.47664,1.0600,2.5900
20.01.2014 00:33:36.826,1.47865,1.47665,2.5200,1.7800
20.01.2014 00:33:38.248,1.47866,1.47666,2.3500,1.4700
20.01.2014 00:33:39.640,1.47868,1.47668,1.9600,1.0200
20.01.2014 00:33:41.121,1.47864,1.47664,1.3200,2.2800
20.01.2014 00:33:42.507,1.47861,1.47661,1.5400,2.6800
20.01.2014 00:33:44.107,1.47861,1.47661,1.9400,1.3800
20.01.2014 00:33:45.442,1.47859,1.47659,2.8500,2.7600
20.01.2014 00:33:46.610,1.47860,1.47660,2.6300,2.6100
20.01.2014 00:33:47.803,1.47860,1.47660,2.2700,2.2900
20.01.2014 00:33:49.181,1.47863,1.47663,1.5400,2.0600
20.01.2014 00:33:50.630,1.47863,1.47663,1.8700,2.0400
20.01.2014 00:33:52.139,1.47865,1.47665,1.7000,1.0200
20.01.2014 00:33:53.495,1.47865,1.47665,1.4900,1.8800
20.01.2014 00:33:54.692,1.47867,1.47667,2.2200,2.6000
20.01.2014 00:33:55.962,1.47869,1.47669,2.4300,1.0300
20.01.2014 00:33:57.314,1.47868,1.47668,2.7700,1.7800
20.01.2014 00:33:58.686,1.47868,1.47668,1.3500,2.1000
20.01.2014 00:33:59.967,1.47868,1.47668,2.4100,2.0500
20.01.2014 00:34:01.414,1.47870,1.47670,1.9300,2.0200
20.01.2014 00:34:02.934,1.47871,1.47671,2.4700,2.4800
20.01.2014 00:34:04.330,1.47871,1.47671,1.7800,2.3100
20.01.2014 00:34:05.732,1.47871,1.47671,2.0100,1.1400
20.01.2014 00:34:07.112,1.47870,1.47670,1.6500,2.1100
20.01.2014 00:34:08.410,1.47873,1.47673,2.3300,1.1700
20.01.2014 00:34:09.720,1.47873,1.47673,1.6400,2.2700
20.01.2014 00:34:11.017,1.47876,1.47676,2.8900,2.7400
20.01.2014 00:34:12.363,1.47872,1.47672,1.3000,2.8600
20.01.2014 00:34:13.675,1.47873,1.47673,2.5700,2.7800
20.01.2014 00:34:15.051,1.47874,1.47674,1.8400,2.4600
20.01.2014 00:34:16.553,1.47877,1.47677,2.2900,1.4200
20.01.2014 00:34:17.941,1.47878,1.47678,1.5200,1.5500
20.01.2014 00:34:19.235,1.47879,1.47679,1.2400,1.8200
20.01.2014 00:34:20.612,1.47880,1.47680,1.3000,2.5800
20.01.2014 00:34:22.173,1.47880,1.47680,1.4000,1.0500
20.01.2014 00:34:23.680,1.47880,1.47680,1.3300,1.1600
20.01.2014 00:34:25.098,1.47879,1.47679,2.4900,1.6200
20.01.2014 00:34:26.543,1.47879,1.47679,2.9800,2.1900
20.01.2014 00:34:27.899,1.47882,1.47682,2.5500,2.2600
20.01.2014 00:34:29.342,1.47884,1.47684,2.4300,2.7200
20.01.2014 00:34:30.820,1.47884,1.47684,2.2100,2.3700
20.01.2014 00:34:32.298,1.47885,1.47685,2.3300,2.2600
20.01.2014 00:34:33.709,1.47884,1.47684,2.1300,2.1300
20.01.2014 00:34:35.071,1.47886,1.47686,2.4700,2.7800
20.01.2014 00:34:36.479,1.47885,1.47685,1.4100,1.1200
20.01.2014 00:34:37.938,1.47887,1.47687,2.3300,2.8700
20.01.2014 00:34:39.307,1.47888,1.47688,2.9700,1.7500
20.01.2014 00:34:40.820,1.47889,1.47689,2.7900,2.7300
20.01.2014 00:34:42.217,1.47886,1.47686,1.1000,2.1300
20.01.2014 00:34:43.517,1.47885,1.47685,2.3200,2.6900
20.01.2014 00:34:44.903,1.47887,1.47687,1.3200,2.4700
20.01.2014 00:34:46.408,1.47888,1.47688,2.1600,1.9200
20.01.2014 00:34:47.827,1.47891,1.47691,2.5800,2.5800
20.01.2014 00:34:49.051,1.47890,1.47690,2.2200,2.5500
20.01.2014 00:34:50.456,1.47890,1.47690,1.5500,1.4100
20.01.2014 00:34:51.839,1.47892,1.47692,1.7200,1.9700
20.01.2014 00:34:53.420,1.47894,1.47694,2.0200,2.3000
20.01.2014 00:34:54.733,1.47893,1.47693,1.3300,1.8400
20.01.2014 00:34:56.176,1.47893,1.47693,1.3400,1.2500
20.01.2014 00:34:57.546,1.47894,1.47694,1.2500,1.2000
20.01.2014 00:34:58.973,1.47894,1.47694,2.3100,2.9000
20.01.2014 00:35:00.495,1.47891,1.47691,1.5900,2.8600
20.01.2014 00:35:01.808,1.47892,1.47692,1.8100,1.0600
20.01.2014 00:35:03.081,1.47894,1.47694,1.6000,2.3200
20.01.2014 00:35:04.443,1.47894,1.47694,1.8700,2.8800
20.01.2014 00:35:05.977,1.47893,1.47693,1.5700,2.6500
20.01.2014 00:35:07.270,1.47892,1.47692,2.0700,1.7000
20.01.2014 00:35:08.644,1.47890,1.47690,2.4300,1.8900
20.01.2014 00:35:09.980,1.47889,1.47689,2.1600,2.4300
20.01.2014 00:35:11.482,1.47889,1.47689,2.0800,1.0200
20.01.2014 00:35:12.942,1.47888,1.47688,2.1700,1.6600
20.01.2014 00:35:14.273,1.47892,1.47692,2.7000,2.7300
20.01.2014 00:35:15.636,1.47891,1.47691,2.2700,1.0400
20.01.2014 00:35:17.194,1.47887,1.47687,2.2700,2.1500
20.01.2014 00:35:18.498,1.47887,1.47687,1.4200,1.0400
20.01.2014 00:35:19.999,1.47884,1.47684,1.9500,1.3900
20.01.2014 00:35:21.515,1.47886,1.47686,2.5000,1.3400
20.01.2014 00:35:23.065,1.47891,1.47691,2.6800,1.2800
20.01.2014 00:35:24.425,1.47895,1.47695,1.7500,1.5100
20.01.2014 00:35:25.893,1.47893,1.47693,1.0800,2.6100
20.01.2014 00:35:27.303,1.47894,1.47694,1.9500,2.3300
20.01.2014 00:35:28.595,1.47893,1.47693,2.1500,2.8800
20.01.2014 00:35:30.012,1.47893,1.47693,1.0200,1.5300
20.01.2014 00:35:31.437,1.47893,1.47693,1.3200,1.1000
20.01.2014 00:35:32.709,1.47893,1.47693,2.4700,2.1900
20.01.2014 00:35:34.056,1.47892,1.47692,2.7400,1.6000
20.01.2014 00:35:35.540,1.47893,1.47693,2.4400,1.7200
20.01.2014 00:35:36.984,1.47893,1.47693,1.4800,1.5900
20.01.2014 00:35:38.412,1.47891,1.47691,2.6600,2.0800
20.01.2014 00:35:39.854,1.47887,1.47687,1.3300,1.0800
20.01.2014 00:35:41.303,1.47885,1.47685,2.9100,1.0500
20.01.2014 00:35:42.663,1.47885,1.47685,1.3600,2.2500
20.01.2014 00:35:44.003,1.47882,1.47682,1.2600,2.0600
20.01.2014 00:35:45.456,1.47884,1.47684,1.4200,1.4800
20.01.2014 00:35:46.917,1.47885,1.47685,2.3800,1.2300
20.01.2014 00:35:48.368,1.47883,1.47683,1.3700,1.6400
20.01.2014 00:35:49.972,1.47885,1.47685,2.9500,2.8000
20.01.2014 00:35:51.313,1.47885,1.47685,1.4700,2.6700
20.01.2014 00:35:52.926,1.47884,1.47684,2.2100,1.1000
20.01.2014 00:35:54.500,1.47884,1.47684,2.5100,2.3400
20.01.2014 00:35:55.973,1.47883,1.47683,3.0000,1.4100
20.01.2014 00:35:57.238,1.47885,1.47685,1.4100,2.2100
20.01.2014 00:35:58.754,1.47886,1.47686,1.7600,2.1400
20.01.2014 00:36:00.161,1.47885,1.47685,1.2700,2.3100
20.01.2014 00:36:01.658,1.47886,1.47686,1.0700,2.0700
20.01.2014 00:36:03.021,1.47887,1.47687,1.5900,2.0900
20.01.2014 00:36:04.420,1.47889,1.47689,2.8000,2.3400
20.01.2014 00:36:05.763,1.47888,1.47688,2.6100,1.3400
20.01.2014 00:36:07.079,1.47887,1.47687,1.7900,1.1400
20.01.2014 00:36:08.366,1.47885,1.47685,1.8100,1.7100
20.01.2014 00:36:09.604,1.47886,1.47686,1.4100,2.9100
20.01.2014 00:36:10.946,1.47885,1.47685,2.1800,1.8800
20.01.2014 00:36:12.330,1.47885,1.47685,2.1700,2.9200
20.01.2014 00:36:13.856,1.47886,1.47686,2.7400,2.7900
20.01.2014 00:36:15.127,1.47887,1.47687,1.8100,2.5100
20.01.2014 00:36:16.549,1.47887,1.47687,2.5100,1.8300
20.01.2014 00:36:18.049,1.47888,1.47688,1.0100,2.8200
20.01.2014 00:36:19.412,1.47889,1.47689,1.4800,1.5200
20.01.2014 00:36:20.907,1.47890,1.47690,1.7400,2.5400
20.01.2014 00:36:22.388,1.47887,1.47687,2.3900,2.4400
20.01.2014 00:36:23.726,1.47890,1.47690,1.9600,2.8100
20.01.2014 00:36:25.009,1.47890,1.47690,2.7500,2.7700
20.01.2014 00:36:26.425,1.47891,1.47691,1.2800,1.4400
20.01.2014 00:36:27.868,1.47891,1.47691,1.7400,2.9200
20.01.2014 00:36:29.335,1.47893,1.47693,2.1200,2.4100
20.01.2014 00:36:30.789,1.47894,1.47694,1.1800,2.1000
20.01.2014 00:36:32.079,1.47893,1.47693,2.1700,1.1300
20.01.2014 00:36:33.630,1.47890,1.47690,1.1700,1.4300
20.01.2014 00:36:35.133,1.47893,1.47693,2.6700,1.9100
20.01.2014 00:36:36.351,1.47893,1.47693,1.6300,2.5600
20.01.2014 00:36:37.830,1.47893,1.47693,2.4400,2.6900
20.01.2014 00:36:39.241,1.47892,1.47692,2.7300,2.2600
20.01.2014 00:36:40.624,1.47892,1.47692,2.0400,2.5000
20.01.2014 00:36:42.115,1.47890,1.47690,2.5800,2.2500
20.01.2014 00:36:43.562,1.47891,1.47691,2.9500,2.2900
20.01.2014 00:36:44.834,1.47890,1.47690,2.6200,1.6700
20.01.2014 00:36:46.168,1.47887,1.47687,1.1000,1.7200
20.01.2014 00:36:47.710,1.47886,1.47686,1.2100,2.9900
20.01.2014 00:36:49.173,1.47886,1.47686,2.6700,2.9300
20.01.2014 00:36:50.669,1.47885,1.47685,2.6000,2.1600
20.01.2014 00:36:52.100,1.47885,1.47685,2.1700,2.9200
20.01.2014 00:36:53.476,1.47889,1.47689,1.1700,1.0900
20.01.2014 00:36:54.966,1.47886,1.47686,1.4100,2.0500
20.01.2014 00:36:56.585,1.47885,1.47685,1.9700,1.0800
20.01.2014 00:36:57.968,1.47882,1.47682,1.9200,2.1300
20.01.2014 00:36:59.388,1.47881,1.47681,2.4000,2.6100
20.01.2014 00:37:00.660,1.47880,1.47680,1.5800,2.7600
20.01.2014 00:37:02.016,1.47883,1.47683,2.8700,1.2100
20.01.2014 00:37:03.473,1.47882,1.47682,1.8200,1.4100
20.01.2014 00:37:04.849,1.47883,1.47683,1.1100,2.8400
20.01.2014 00:37:06.200,1.47885,1.47685,1.8800,2.3800
20.01.2014 00:37:07.456,1.47887,1.47687,2.6300,2.7300
20.01.2014 00:37:08.886,1.47885,1.47685,1.9600,1.7800
20.01.2014 00:37:10.194,1.47885,1.47685,2.3600,1.6600
20.01.2014 00:37:11.718,1.47881,1.47681,1.6900,2.2900
20.01.2014 00:37:12.950,1.47881,1.47681,2.6600,2.6800
20.01.2014 00:37:14.394,1.47878,1.47678,2.8300,1.6400
20.01.2014 00:37:15.949,1.47878,1.47678,1.7300,1.2300
20.01.2014 00:37:17.238,1.47880,1.47680,2.6300,1.6800
20.01.2014 00:37:18.761,1.47881,1.47681,2.6000,2.7500
20.01.2014 00:37:20.147,1.47881,1.47681,2.3800,2.7400
20.01.2014 00:37:21.523,1.47880,1.47680,2.1600,2.6500
20.01.2014 00:37:22.736,1.47878,1.47678,2.3000,1.4300
20.01.2014 00:37:24.322,1.47879,1.47679,1.5600,2.0800
20.01.2014 00:37:25.779,1.47876,1.47676,1.5300,2.7100
20.01.2014 00:37:27.145,1.47876,1.47676,2.6400,1.2500
20.01.2014 00:37:28.631,1.47875,1.47675,1.2700,1.4700
20.01.2014 00:37:29.896,1.47874,1.47674,2.5900,1.8000
20.01.2014 00:37:31.279,1.47874,1.47674,1.6900,2.1700
20.01.2014 00:37:32.885,1.47874,1.47674,1.7100,1.5400
20.01.2014 00:37:34.314,1.47874,1.47674,1.2600,2.2700
20.01.2014 00:37:35.648,1.47875,1.47675,2.8800,1.2500
20.01.2014 00:37:37.033,1.47873,1.47673,2.1600,2.0900
20.01.2014 00:37:38.545,1.47873,1.47673,1.4300,1.5000
20.01.2014 00:37:39.963,1.47874,1.47674,2.4500,2.8800
20.01.2014 00:37:41.180,1.47874,1.47674,1.7200,1.7700
20.01.2014 00:37:42.586,1.47876,1.47676,2.9800,2.6800
20.01.2014 00:37:43.937,1.47875,1.47675,1.1500,1.2600
20.01.2014 00:37:45.198,1.47875,1.47675,2.2200,1.1800
20.01.2014 00:37:46.564,1.47875,1.47675,1.0100,1.3400
20.01.2014 00:37:47.923,1.47873,1.47673,1.8700,2.3700
20.01.2014 00:37:49.391,1.47874,1.47674,1.2400,1.3600
20.01.2014 00:37:50.686,1.47875,1.47675,2.0100,2.7200
20.01.2014 00:37:51.887,1.47877,1.47677,2.9700,1.1500
20.01.2014 00:37:53.328,1.47880,1.47680,2.7200,1.1800
20.01.2014 00:37:54.671,1.47881,1.47681,2.8100,1.9100
20.01.2014 00:37:55.988,1.47882,1.47682,2.4500,2.5600
20.01.2014 00:37:57.357,1.47882,1.47682,2.9300,1.5500
20.01.2014 00:37:58.896,1.47882,1.47682,2.0600,1.8400
20.01.2014 00:38:00.245,1.47882,1.47682,1.8000,2.8900
20.01.2014 00:38:01.510,1.47883,1.47683,2.9800,2.6600
20.01.2014 00:38:02.834,1.47884,1.47684,1.1200,1.4800
20.01.2014 00:38:04.103,1.47886,1.47686,1.0200,2.5200
20.01.2014 00:38:05.608,1.47887,1.47687,2.4800,2.4800
20.01.2014 00:38:06.954,1.47886,1.47686,1.3000,1.9400
20.01.2014 00:38:08.238,1.47885,1.47685,1.6100,2.9500
20.01.2014 00:38:09.515,1.47884,1.47684,1.3800,1.3600
20.01.2014 00:38:10.897,1.47883,1.47683,1.7600,2.1800
20.01.2014 00:38:12.215,1.47882,1.47682,1.6300,2.1900
20.01.2014 00:38:13.628,1.47884,1.47684,2.4000,2.3300
20.01.2014 00:38:14.851,1.47883,1.47683,3.0000,2.6800
20.01.2014 00:38:16.365,1.47881,1.47681,2.6400,1.6900
20.01.2014 00:38:17.800,1.47880,1.47680,2.2800,2.3000
20.01.2014 00:38:19.221,1.47880,1.47680,1.4900,1.5100
20.01.2014 00:38:20.693,1.47882,1.47682,1.1600,3.0000
20.01.2014 00:38:22.108,1.47882,1.47682,2.2400,2.1900
20.01.2014 00:38:23.521,1.47881,1.47681,2.1900,2.8600
20.01.2014 00:38:24.988,1.47883,1.47683,2.1300,1.5300
20.01.2014 00:38:26.482,1.47884,1.47684,1.8300,1.4000
20.01.2014 00:38:27.858,1.47884,1.47684,1.7500,2.9400
20.01.2014 00:38:29.314,1.47885,1.47685,1.4000,2.1400
20.01.2014 00:38:30.759,1.47885,1.47685,2.9000,1.4200
20.01.2014 00:38:32.355,1.47889,1.47689,1.2700,1.2000
20.01.2014 00:38:33.709,1.47889,1.47689,2.6700,2.6100
20.01.2014 00:38:35.243,1.47889,1.47689,2.7500,2.4300
20.01.2014 00:38:36.549,1.47891,1.47691,2.3000,1.7200
20.01.2014 00:38:37.918,1.47892,1.47692,2.0900,2.1600
20.01.2014 00:38:39.316,1.47892,1.47692,2.3800,2.6600
20.01.2014 00:38:40.702,1.47889,1.47689,1.2300,2.5000
20.01.2014 00:38:42.263,1.47888,1.47688,2.6800,1.7900
20.01.2014 00:38:43.704,1.47888,1.47688,1.2300,1.3700
20.01.2014 00:38:45.158,1.47891,1.47691,1.8800,1.9200
20.01.2014 00:38:46.563,1.47893,1.47693,1.1800,1.2700
20.01.2014 00:38:47.998,1.47893,1.47693,2.9700,2.8700
20.01.2014 00:38:49.249,1.47893,1.47693,1.4100,1.5100
20.01.2014 00:38:50.704,1.47888,1.47688,2.4900,2.4300
20.01.2014 00:38:51.934,1.47888,1.47688,2.9100,2.2700
20.01.2014 00:38:53.157,1.47887,1.47687,1.1300,2.8600
20.01.2014 00:38:54.745,1.47886,1.47686,2.1600,2.5400
20.01.2014 00:38:56.098,1.47885,1.47685,1.1600,2.4600
20.01.2014 00:38:57.625,1.47884,1.47684,2.0100,1.3300
20.01.2014 00:38:58.937,1.47884,1.47684,2.4900,2.2200
20.01.2014 00:39:00.109,1.47883,1.47683,1.2100,1.7400
20.01.2014 00:39:01.494,1.47884,1.47684,1.0500,1.6900
20.01.2014 00:39:03.006,1.47885,1.47685,2.6100,2.3400
20.01.2014 00:39:04.277,1.47885,1.47685,2.1700,1.9500
20.01.2014 00:39:05.602,1.47884,1.47684,1.4400,1.0800
20.01.2014 00:39:06.944,1.47887,1.47687,1.4200,2.3300
20.01.2014 00:39:08.374,1.47886,1.47686,2.0400,2.7500
20.01.2014 00:39:09.739,1.47888,1.47688,1.9800,2.6800
20.01.2014 00:39:11.154,1.47886,1.47686,2.5200,1.2600
20.01.2014 00:39:12.551,1.47890,1.47690,1.5900,2.9300
20.01.2014 00:39:13.998,1.47888,1.47688,2.6800,1.4600
20.01.2014 00:39:15.394,1.47885,1.47685,1.9900,2.7700
20.01.2014 00:39:16.789,1.47883,1.47683,1.9500,1.2000
20.01.2014 00:39:17.940,1.47883,1.47683,2.9100,1.1800
20.01.2014 00:39:19.426,1.47885,1.47685,2.6800,2.8700
20.01.2014 00:39:20.906,1.47885,1.47685,1.7700,1.1600
20.01.2014 00:39:22.208,1.47884,1.47684,2.5400,1.0400
20.01.2014 00:39:23.654,1.47883,1.47683,2.3800,1.2000
20.01.2014 00:39:25.078,1.47881,1.47681,2.3000,2.4600
20.01.2014 00:39:26.341,1.47880,1.47680,1.5800,1.5900
20.01.2014 00:39:27.797,1.47881,1.47681,2.2900,1.3600
20.01.2014 00:39:29.120,1.47881,1.47681,2.7300,1.5800
20.01.2014 00:39:30.616,1.47883,1.47683,2.4900,2.8000
20.01.2014 00:39:31.922,1.47884,1.47684,1.7100,2.2300
20.01.2014 00:39:33.279,1.47886,1.47686,1.5200,1.8200
20.01.2014 00:39:34.640,1.47883,1.47683,2.8800,2.7000
20.01.2014 00:39:36.080,1.47882,1.47682,2.8900,2.1700
20.01.2014 00:39:37.603,1.47881,1.47681,1.6700,2.6600
20.01.2014 00:39:39.172,1.47880,1.47680,1.9700,1.9000
20.01.2014 00:39:40.703,1.47878,1.47678,1.3200,1.6200
20.01.2014 00:39:41.849,1.47881,1.47681,1.7900,1.7900
20.01.2014 00:39:43.181,1.47880,1.47680,1.8200,2.8700
20.01.2014 00:39:44.663,1.47878,1.47678,2.0500,2.2600
20.01.2014 00:39:46.053,1.47878,1.47678,2.2300,1.5700
20.01.2014 00:39:47.406,1.47879,1.47679,1.8700,1.6700
20.01.2014 00:39:48.635,1.47882,1.47682,2.6600,2.6700
20.01.2014 00:39:49.992,1.47879,1.47679,1.7900,2.7300
20.01.2014 00:39:51.383,1.47879,1.47679,1.6400,2.2400
20.01.2014 00:39:52.753,1.47880,1.47680,2.0000,1.9300
20.01.2014 00:39:54.239,1.47878,1.47678,1.6600,2.0700
20.01.2014 00:39:55.616,1.47880,1.47680,2.6300,2.8700
20.01.2014 00:39:56.872,1.47881,1.47681,2.4600,1.5500
20.01.2014 00:39:58.381,1.47880,1.47680,1.6200,2.7500
20.01.2014 00:39:59.845,1.47882,1.47682,1.4100,1.8900
20.01.2014 00:40:01.267,1.47882,1.47682,1.3500,1.9100
20.01.2014 00:40:02.538,1.47883,1.47683,2.4100,1.7600
20.01.2014 00:40:03.792,1.47883,1.47683,2.8600,2.2100
20.01.2014 00:40:05.155,1.47880,1.47680,2.1300,2.3500
20.01.2014 00:40:06.550,1.47879,1.47679,2.4900,1.5700
20.01.2014 00:40:08.074,1.47878,1.47678,1.2700,1.6500
20.01.2014 00:40:09.561,1.47877,1.47677,2.3200,1.5600
20.01.2014 00:40:11.055,1.47877,1.47677,2.5700,1.4000
20.01.2014 00:40:12.311,1.47877,1.47677,2.8700,2.6800
20.01.2014 00:40:13.751,1.47876,1.47676,1.4900,1.2200
20.01.2014 00:40:15.240,1.47876,1.47676,1.6000,1.8700
20.01.2014 00:40:16.563,1.47878,1.47678,2.9000,2.7000
20.01.2014 00:40:18.045,1.47877,1.47677,1.3900,1.9200
20.01.2014 00:40:19.481,1.47875,1.47675,2.7200,2.3600
20.01.2014 00:40:21.011,1.47872,1.47672,2.2900,1.9700
20.01.2014 00:40:22.491,1.47876,1.47676,2.8800,1.4600
20.01.2014 00:40:23.667,1.47879,1.47679,1.6000,2.1300
20.01.2014 00:40:25.040,1.47879,1.47679,1.6900,2.4500
20.01.2014 00:40:26.495,1.47884,1.47684,1.7700,1.4400
20.01.2014 00:40:27.795,1.47880,1.47680,1.1400,1.1100
20.01.2014 00:40:29.191,1.47879,1.47679,2.9700,1.3900
20.01.2014 00:40:30.586,1.47878,1.47678,3.0000,1.5800
20.01.2014 00:40:32.078,1.47881,1.47681,2.2000,2.3600
20.01.2014 00:40:33.522,1.47882,1.47682,2.6500,1.1200
20.01.2014 00:40:34.859,1.47884,1.47684,1.0300,2.7600
20.01.2014 00:40:36.436,1.47883,1.47683,1.3500,1.8000
20.01.2014 00:40:37.680,1.47883,1.47683,1.0800,2.8800
20.01.2014 00:40:39.204,1.47881,1.47681,2.5200,2.7600
20.01.2014 00:40:40.661,1.47880,1.47680,1.1600,1.1500
20.01.2014 00:40:42.088,1.47880,1.47680,1.1800,1.6100
20.01.2014 00:40:43.505,1.47878,1.47678,1.5000,1.1000
20.01.2014 00:40:44.820,1.47878,1.47678,2.4800,2.7600
20.01.2014 00:40:46.165,1.47880,1.47680,1.1300,1.5100
20.01.2014 00:40:47.654,1.47884,1.47684,1.7900,1.6400
20.01.2014 00:40:49.235,1.47884,1.47684,2.4300,2.4000
20.01.2014 00:40:50.646,1.47884,1.47684,1.4900,2.6200
20.01.2014 00:40:52.174,1.47883,1.47683,1.4800,1.2700
20.01.2014 00:40:53.624,1.47882,1.47682,1.9400,2.6600
20.01.2014 00:40:54.995,1.47882,1.47682,2.7800,2.3200
20.01.2014 00:40:56.405,1.47884,1.47684,1.2100,2.2300
20.01.2014 00:40:57.814,1.47884,1.47684,2.1800,1.1400
20.01.2014 00:40:59.134,1.47884,1.47684,2.1800,1.2700
20.01.2014 00:41:00.487,1.47883,1.47683,2.5200,1.3000
20.01.2014 00:41:01.821,1.47884,1.47684,2.5800,2.8500
20.01.2014 00:41:03.388,1.47883,1.47683,2.5100,1.7500
20.01.2014 00:41:04.719,1.47884,1.47684,1.1800,2.6800
20.01.2014 00:41:06.099,1.47883,1.47683,2.5800,1.5000
20.01.2014 00:41:07.415,1.47882,1.47682,2.5100,1.6000
20.01.2014 00:41:08.748,1.47883,1.47683,2.7900,1.4500
20.01.2014 00:41:10.259,1.47884,1.47684,1.1200,1.5900
20.01.2014 00:41:11.672,1.47884,1.47684,1.3000,1.0200
20.01.2014 00:41:12.981,1.47883,1.47683,2.4300,1.8700
20.01.2014 00:41:14.273,1.47880,1.47680,1.3400,2.7800
20.01.2014 00:41:15.837,1.47877,1.47677,2.8100,1.6500
20.01.2014 00:41:17.256,1.47881,1.47681,2.8300,1.9600
20.01.2014 00:41:18.755,1.47880,1.47680,2.3300,1.9300
20.01.2014 00:41:20.148,1.47882,1.47682,1.6800,1.1900
20.01.2014 00:41:21.489,1.47882,1.47682,1.0000,1.0900
20.01.2014 00:41:22.938,1.47881,1.47681,1.7500,2.1100
20.01.2014 00:41:24.575,1.47880,1.47680,2.0500,2.8800
20.01.2014 00:41:26.067,1.47877,1.47677,2.1200,1.1000
20.01.2014 00:41:27.461,1.47876,1.47676,1.7900,1.6800
20.01.2014 00:41:28.884,1.47879,1.47679,2.3500,1.0400
20.01.2014 00:41:30.337,1.47881,1.47681,1.7400,1.3600
20.01.2014 00:41:31.752,1.47881,1.47681,2.6300,2.7600
20.01.2014 00:41:33.031,1.47881,1.47681,2.8200,1.4300
20.01.2014 00:41:34.504,1.47879,1.47679,1.3300,2.1000
20.01.2014 00:41:36.016,1.47880,1.47680,2.6500,2.8800
20.01.2014 00:41:37.404,1.47881,1.47681,1.4100,2.5200
20.01.2014 00:41:38.707,1.47882,1.47682,2.8100,1.2700
20.01.2014 00:41:40.232,1.47882,1.47682,2.5300,2.4100
20.01.2014 00:41:41.740,1.47881,1.47681,2.1900,2.8500
20.01.2014 00:41:43.303,1.47885,1.47685,2.8900,1.1700
20.01.2014 00:41:44.605,1.47888,1.47688,2.1700,1.3400
20.01.2014 00:41:46.054,1.47890,1.47690,1.7900,1.7600
20.01.2014 00:41:47.525,1.47890,1.47690,2.3500,1.0500
20.01.2014 00:41:48.858,1.47889,1.47689,1.8700,1.2900
20.01.2014 00:41:50.135,1.47889,1.47689,1.9500,2.8000
20.01.2014 00:41:51.420,1.47888,1.47688,2.0700,1.3500
20.01.2014 00:41:52.963,1.47888,1.47688,1.4000,2.6800
20.01.2014 00:41:54.385,1.47889,1.47689,2.2200,1.5500
20.01.2014 00:41:55.672,1.47889,1.47689,2.3600,2.6500
20.01.2014 00:41:57.127,1.47891,1.47691,2.9000,1.7500
20.01.2014 00:41:58.617,1.47891,1.47691,2.7200,2.0900
20.01.2014 00:42:00.007,1.47894,1.47694,1.4700,1.7900
20.01.2014 00:42:01.380,1.47893,1.47693,2.5400,1.4800
20.01.2014 00:42:02.831,1.47892,1.47692,2.3400,2.3100
20.01.2014 00:42:04.246,1.47892,1.47692,1.3700,1.7500
20.01.2014 00:42:05.725,1.47889,1.47689,1.6100,1.5400
20.01.2014 00:42:07.185,1.47889,1.47689,2.3000,2.4200
20.01.2014 00:42:08.544,1.47889,1.47689,1.4900,2.0500
20.01.2014 00:42:09.986,1.47887,1.47687,1.6400,2.5600
20.01.2014 00:42:11.534,1.47886,1.47686,1.3800,2.5500
20.01.2014 00:42:13.087,1.47885,1.47685,2.9200,2.9200
20.01.2014 00:42:14.640,1.47882,1.47682,2.4900,2.3100
20.01.2014 00:42:15.993,1.47883,1.47683,2.7100,1.6100
20.01.2014 00:42:17.255,1.47881,1.47681,2.4000,1.1300
20.01.2014 00:42:18.691,1.47882,1.47682,2.1800,2.7500
20.01.2014 00:42:20.106,1.47881,1.47681,1.7100,2.9300
20.01.2014 00:42:21.492,1.47880,1.47680,2.5700,2.4600
20.01.2014 00:42:22.930,1.47878,1.47678,2.6700,1.2400
20.01.2014 00:42:24.439,1.47878,1.47678,2.5600,2.7900
20.01.2014 00:42:25.943,1.47880,1.47680,2.5900,1.2800
20.01.2014 00:42:27.351,1.47884,1.47684,2.3500,2.7300
20.01.2014 00:42:28.899,1.47883,1.47683,1.6400,1.3300
20.01.2014 00:42:30.580,1.47885,1.47685,1.9600,2.3900
20.01.2014 00:42:31.985,1.47886,1.47686,1.2000,1.7300
20.01.2014 00:42:33.478,1.47888,1.47688,2.0900,1.5300
20.01.2014 00:42:34.677,1.47888,1.47688,1.3300,1.6000
20.01.2014 00:42:36.058,1.47888,1.47688,2.6800,1.7000
20.01.2014 00:42:37.554,1.47888,1.47688,2.5700,1.4900
20.01.2014 00:42:38.962,1.47890,1.47690,2.2700,1.3500
20.01.2014 00:42:40.361,1.47892,1.47692,1.2800,1.4200
20.01.2014 00:42:41.762,1.47891,1.47691,2.7900,1.7900
20.01.2014 00:42:43.149,1.47893,1.47693,2.8200,2.8000
20.01.2014 00:42:44.446,1.47893,1.47693,1.3300,2.7900
20.01.2014 00:42:45.944,1.47892,1.47692,2.0000,1.7900
20.01.2014 00:42:47.333,1.47895,1.47695,1.1800,2.5800
20.01.2014 00:42:48.641,1.47897,1.47697,1.1800,2.9000
20.01.2014 00:42:50.034,1.47896,1.47696,2.4600,2.2500
20.01.2014 00:42:51.518,1.47895,1.47695,2.4600,1.5100
20.01.2014 00:42:53.084,1.47896,1.47696,2.1700,2.8300
20.01.2014 00:42:54.444,1.47897,1.47697,2.2400,1.2700
20.01.2014 00:42:55.883,1.47897,1.47697,2.0700,1.2200
20.01.2014 00:42:57.157,1.47894,1.47694,1.5500,1.4900
20.01.2014 00:42:58.536,1.47895,1.47695,1.4700,1.3900
20.01.2014 00:42:59.962,1.47895,1.47695,1.9800,2.7500
20.01.2014 00:43:01.342,1.47895,1.47695,1.5700,2.2800
20.01.2014 00:43:02.685,1.47898,1.47698,1.6800,2.4800
20.01.2014 00:43:04.124,1.47898,1.47698,2.0500,1.6000
20.01.2014 00:43:05.536,1.47895,1.47695,1.1900,2.1100
20.01.2014 00:43:06.960,1.47894,1.47694,1.6700,2.1500
20.01.2014 00:43:08.432,1.47893,1.47693,1.5500,1.0400
20.01.2014 00:43:09.687,1.47893,1.47693,2.0200,2.3600
20.01.2014 00:43:11.214,1.47893,1.47693,1.4100,2.3300
20.01.2014 00:43:12.588,1.47893,1.47693,2.0200,2.1700
20.01.2014 00:43:13.880,1.47890,1.47690,1.0400,1.5500
20.01.2014 00:43:15.227,1.47889,1.47689,1.8200,1.4800
