Time,Ask,Bid,AskVolume,BidVolume
07.01.2014 00:00:01.534,1.48857,1.48657,2.8700,1.8200
07.01.2014 00:00:02.968,1.48858,1.48658,2.8900,1.2900
07.01.2014 00:00:04.430,1.48856,1.48656,1.5000,1.9200
07.01.2014 00:00:05.905,1.48856,1.48656,1.4300,1.0100
07.01.2014 00:00:07.248,1.48858,1.48658,1.7900,2.2600
07.01.2014 00:00:08.744,1.48859,1.48659,2.2800,1.7600
07.01.2014 00:00:10.082,1.48858,1.48658,1.2200,1.6800
07.01.2014 00:00:11.649,1.48855,1.48655,2.3800,2.9100
07.01.2014 00:00:12.987,1.48855,1.48655,2.5600,2.2200
07.01.2014 00:00:14.411,1.48856,1.48656,2.5500,2.0100
07.01.2014 00:00:15.847,1.48855,1.48655,1.1100,1.5200
07.01.2014 00:00:17.381,1.48858,1.48658,1.1100,1.9500
07.01.2014 00:00:18.759,1.48860,1.48660,1.1000,2.6100
07.01.2014 00:00:20.159,1.48861,1.48661,1.8800,2.7900
07.01.2014 00:00:21.439,1.48860,1.48660,1.5900,1.0300
07.01.2014 00:00:22.847,1.48858,1.48658,2.8700,2.4400
07.01.2014 00:00:24.149,1.48855,1.48655,2.1000,1.6300
07.01.2014 00:00:25.642,1.48854,1.48654,2.9400,1.1300
07.01.2014 00:00:27.132,1.48853,1.48653,1.2200,2.1500
07.01.2014 00:00:28.660,1.48849,1.48649,2.8100,2.6800
07.01.2014 00:00:30.266,1.48850,1.48650,2.0400,2.5300
07.01.2014 00:00:31.862,1.48849,1.48649,1.7200,1.3500
07.01.2014 00:00:33.104,1.48848,1.48648,2.8500,1.7500
07.01.2014 00:00:34.571,1.48845,1.48645,2.0200,2.7700
07.01.2014 00:00:35.883,1.48845,1.48645,1.3800,1.1000
07.01.2014 00:00:37.440,1.48845,1.48645,1.1700,1.4900
07.01.2014 00:00:38.659,1.48845,1.48645,2.1200,2.0100
07.01.2014 00:00:40.100,1.48847,1.48647,1.0200,2.3400
07.01.2014 00:00:41.371,1.48846,1.48646,1.9000,2.1600
07.01.2014 00:00:42.658,1.48846,1.48646,2.1800,2.2600
07.01.2014 00:00:43.999,1.48844,1.48644,2.6000,2.3900
07.01.2014 00:00:45.292,1.48846,1.48646,1.1100,2.1900
07.01.2014 00:00:46.637,1.48847,1.48647,1.1500,2.7900
07.01.2014 00:00:47.915,1.48848,1.48648,2.2400,1.2300
07.01.2014 00:00:49.353,1.48848,1.48648,1.6400,2.8800
07.01.2014 00:00:50.802,1.48849,1.48649,2.1700,2.1300
07.01.2014 00:00:52.248,1.48845,1.48645,1.0200,2.7900
07.01.2014 00:00:53.561,1.48849,1.48649,1.9700,2.6400
07.01.2014 00:00:54.863,1.48849,1.48649,1.0600,2.0800
07.01.2014 00:00:56.428,1.48847,1.48647,1.9400,2.1900
07.01.2014 00:00:57.826,1.48850,1.48650,2.8200,2.7000
07.01.2014 00:00:59.211,1.48850,1.48650,1.0800,2.3200
07.01.2014 00:01:00.816,1.48851,1.48651,2.2700,2.0200
07.01.2014 00:01:02.395,1.48852,1.48652,1.8500,1.0300
07.01.2014 00:01:03.687,1.48853,1.48653,1.7300,2.8500
07.01.2014 00:01:05.062,1.48854,1.48654,1.5500,2.3000
07.01.2014 00:01:06.321,1.48854,1.48654,2.2500,2.4000
07.01.2014 00:01:07.838,1.48853,1.48653,2.4700,1.1100
07.01.2014 00:01:09.464,1.48853,1.48653,1.6600,2.9400
07.01.2014 00:01:10.863,1.48855,1.48655,2.5300,1.8900
07.01.2014 00:01:12.206,1.48854,1.48654,2.6700,2.0200
07.01.2014 00:01:13.666,1.48853,1.48653,2.4600,1.9500
07.01.2014 00:01:15.226,1.48853,1.48653,2.9000,2.5200
07.01.2014 00:01:16.740,1.48854,1.48654,1.9700,2.7200
07.01.2014 00:01:18.210,1.48853,1.48653,1.0000,1.7400
07.01.2014 00:01:19.656,1.48853,1.48653,2.3500,1.2100
07.01.2014 00:01:21.110,1.48851,1.48651,1.0700,1.8100
07.01.2014 00:01:22.440,1.48849,1.48649,1.0400,2.0500
07.01.2014 00:01:23.827,1.48848,1.48648,2.6200,1.4000
07.01.2014 00:01:25.275,1.48846,1.48646,1.2500,1.0400
07.01.2014 00:01:26.675,1.48846,1.48646,2.3700,2.0400
07.01.2014 00:01:27.901,1.48845,1.48645,2.0600,2.3000
07.01.2014 00:01:29.281,1.48844,1.48644,2.7400,1.0700
07.01.2014 00:01:30.751,1.48849,1.48649,1.1200,1.3700
07.01.2014 00:01:32.183,1.48853,1.48653,1.2500,2.7700
07.01.2014 00:01:33.623,1.48853,1.48653,1.9100,2.6500
07.01.2014 00:01:35.039,1.48850,1.48650,1.6200,2.8600
07.01.2014 00:01:36.318,1.48852,1.48652,2.9700,1.5700
07.01.2014 00:01:37.638,1.48852,1.48652,2.7900,2.8800
07.01.2014 00:01:39.143,1.48849,1.48649,1.5300,2.4600
07.01.2014 00:01:40.385,1.48848,1.48648,1.8300,2.4300
07.01.2014 00:01:41.581,1.48849,1.48649,1.2700,2.3600
07.01.2014 00:01:43.067,1.48853,1.48653,1.1300,1.2400
07.01.2014 00:01:44.440,1.48852,1.48652,2.6800,2.7500
07.01.2014 00:01:45.858,1.48850,1.48650,2.6000,1.3500
07.01.2014 00:01:47.196,1.48848,1.48648,2.2400,1.0400
07.01.2014 00:01:48.445,1.48847,1.48647,1.8400,2.8900
07.01.2014 00:01:49.739,1.48848,1.48648,1.8200,1.1200
07.01.2014 00:01:51.117,1.48847,1.48647,1.8900,1.8100
07.01.2014 00:01:52.545,1.48844,1.48644,2.6300,2.1600
07.01.2014 00:01:53.937,1.48846,1.48646,2.6600,2.8600
07.01.2014 00:01:55.109,1.48845,1.48645,1.3900,2.8800
07.01.2014 00:01:56.449,1.48846,1.48646,2.0500,2.4600
07.01.2014 00:01:57.762,1.48846,1.48646,1.3900,2.7100
07.01.2014 00:01:59.053,1.48846,1.48646,1.5400,1.0500
07.01.2014 00:02:00.515,1.48847,1.48647,2.9700,1.3100
07.01.2014 00:02:01.950,1.48847,1.48647,2.0900,2.5700
07.01.2014 00:02:03.340,1.48847,1.48647,1.9900,2.6100
07.01.2014 00:02:04.776,1.48846,1.48646,1.1100,1.0600
07.01.2014 00:02:06.280,1.48845,1.48645,2.9900,2.2200
07.01.2014 00:02:07.625,1.48845,1.48645,1.8000,1.3400
07.01.2014 00:02:08.970,1.48844,1.48644,2.6500,1.7200
07.01.2014 00:02:10.289,1.48845,1.48645,2.2600,2.5300
07.01.2014 00:02:11.783,1.48844,1.48644,1.2600,1.8100
07.01.2014 00:02:13.182,1.48847,1.48647,1.6700,2.6100
07.01.2014 00:02:14.556,1.48848,1.48648,1.1400,2.0400
07.01.2014 00:02:15.963,1.48847,1.48647,1.9000,2.8200
07.01.2014 00:02:17.264,1.48843,1.48643,2.3300,1.8500
07.01.2014 00:02:18.729,1.48845,1.48645,1.3000,1.2100
07.01.2014 00:02:20.106,1.48844,1.48644,1.2600,1.2300
07.01.2014 00:02:21.574,1.48843,1.48643,1.2300,1.8200
07.01.2014 00:02:22.917,1.48843,1.48643,2.1400,2.6500
07.01.2014 00:02:24.257,1.48844,1.48644,2.7800,1.9900
07.01.2014 00:02:25.858,1.48844,1.48644,1.8700,2.2700
07.01.2014 00:02:27.343,1.48845,1.48645,2.9900,2.2800
07.01.2014 00:02:28.655,1.48842,1.48642,1.4800,2.0200
07.01.2014 00:02:29.965,1.48842,1.48642,2.0500,2.9400
07.01.2014 00:02:31.287,1.48843,1.48643,2.0100,2.1000
07.01.2014 00:02:32.611,1.48841,1.48641,1.9400,2.6600
07.01.2014 00:02:33.858,1.48841,1.48641,2.2500,2.5700
07.01.2014 00:02:35.333,1.48844,1.48644,1.1500,1.7300
07.01.2014 00:02:36.790,1.48841,1.48641,1.7400,1.7200
07.01.2014 00:02:38.248,1.48839,1.48639,1.1300,1.1500
07.01.2014 00:02:39.608,1.48838,1.48638,1.9600,2.0300
07.01.2014 00:02:41.142,1.48839,1.48639,1.6000,1.7700
07.01.2014 00:02:42.560,1.48836,1.48636,1.5000,2.3000
07.01.2014 00:02:44.151,1.48836,1.48636,1.0600,1.4900
07.01.2014 00:02:45.597,1.48835,1.48635,2.1300,2.5500
07.01.2014 00:02:47.122,1.48837,1.48637,2.9900,2.1500
07.01.2014 00:02:48.530,1.48837,1.48637,1.7800,1.8700
07.01.2014 00:02:49.778,1.48837,1.48637,2.6000,2.5900
07.01.2014 00:02:51.247,1.48837,1.48637,2.2900,2.0000
07.01.2014 00:02:52.697,1.48837,1.48637,1.0500,2.8500
07.01.2014 00:02:54.172,1.48836,1.48636,2.7600,2.8200
07.01.2014 00:02:55.641,1.48836,1.48636,2.7100,2.7100
07.01.2014 00:02:57.048,1.48835,1.48635,1.9700,2.8700
07.01.2014 00:02:58.625,1.48834,1.48634,2.9200,2.3700
07.01.2014 00:03:00.094,1.48835,1.48635,1.8900,2.1100
07.01.2014 00:03:01.582,1.48833,1.48633,2.9900,1.1300
07.01.2014 00:03:03.145,1.48836,1.48636,2.6200,1.8600
07.01.2014 00:03:04.551,1.48832,1.48632,1.7800,1.3400
07.01.2014 00:03:06.037,1.48832,1.48632,1.7800,2.7100
07.01.2014 00:03:07.580,1.48836,1.48636,2.1400,1.3600
07.01.2014 00:03:08.864,1.48835,1.48635,2.8700,2.2300
07.01.2014 00:03:10.084,1.48836,1.48636,2.8400,1.9800
07.01.2014 00:03:11.708,1.48834,1.48634,2.9800,1.2700
07.01.2014 00:03:13.177,1.48837,1.48637,1.6500,1.2900
07.01.2014 00:03:14.403,1.48836,1.48636,2.7000,2.3800
07.01.2014 00:03:15.710,1.48832,1.48632,2.3300,1.8400
07.01.2014 00:03:17.173,1.48834,1.48634,2.9900,2.3000
07.01.2014 00:03:18.624,1.48832,1.48632,2.8200,1.1400
07.01.2014 00:03:19.954,1.48833,1.48633,2.5000,2.6600
07.01.2014 00:03:21.175,1.48835,1.48635,1.9600,2.8300
07.01.2014 00:03:22.609,1.48835,1.48635,1.8300,1.4900
07.01.2014 00:03:23.979,1.48840,1.48640,1.7500,1.1800
07.01.2014 00:03:25.246,1.48841,1.48641,2.8500,2.7400
07.01.2014 00:03:26.730,1.48841,1.48641,1.8000,1.7100
07.01.2014 00:03:27.942,1.48840,1.48640,1.9300,1.4900
07.01.2014 00:03:29.278,1.48838,1.48638,2.0300,1.2100
07.01.2014 00:03:30.553,1.48838,1.48638,2.8900,1.2100
07.01.2014 00:03:31.952,1.48839,1.48639,2.8300,1.1300
07.01.2014 00:03:33.406,1.48839,1.48639,2.5400,2.3500
07.01.2014 00:03:34.959,1.48839,1.48639,2.6700,2.9400
07.01.2014 00:03:36.580,1.48838,1.48638,1.8400,2.7400
07.01.2014 00:03:38.047,1.48839,1.48639,2.5100,2.3100
07.01.2014 00:03:39.368,1.48839,1.48639,2.3800,1.6100
07.01.2014 00:03:40.840,1.48835,1.48635,1.8600,1.1600
07.01.2014 00:03:42.382,1.48833,1.48633,1.0400,2.4700
07.01.2014 00:03:43.722,1.48832,1.48632,1.4200,1.0600
07.01.2014 00:03:45.136,1.48829,1.48629,1.2800,2.0500
07.01.2014 00:03:46.399,1.48827,1.48627,1.8800,1.9300
07.01.2014 00:03:47.853,1.48825,1.48625,2.4900,1.8400
07.01.2014 00:03:49.131,1.48822,1.48622,2.8600,1.5600
07.01.2014 00:03:50.682,1.48822,1.48622,2.3600,1.3700
07.01.2014 00:03:51.888,1.48823,1.48623,1.0100,2.4900
07.01.2014 00:03:53.066,1.48824,1.48624,2.4600,2.4400
07.01.2014 00:03:54.331,1.48825,1.48625,1.4600,1.7400
07.01.2014 00:03:55.824,1.48827,1.48627,1.2800,1.2000
07.01.2014 00:03:57.178,1.48825,1.48625,1.0200,1.1500
07.01.2014 00:03:58.480,1.48824,1.48624,1.3500,1.6800
07.01.2014 00:03:59.845,1.48825,1.48625,1.5800,1.3600
07.01.2014 00:04:01.200,1.48828,1.48628,1.5500,2.0100
07.01.2014 00:04:02.684,1.48829,1.48629,1.7300,2.9200
07.01.2014 00:04:04.245,1.48826,1.48626,2.4600,2.0100
07.01.2014 00:04:05.753,1.48829,1.48629,1.7000,2.6000
07.01.2014 00:04:07.205,1.48831,1.48631,2.0000,2.5200
07.01.2014 00:04:08.721,1.48828,1.48628,1.1200,2.2700
07.01.2014 00:04:10.159,1.48830,1.48630,2.6100,2.7100
07.01.2014 00:04:11.575,1.48830,1.48630,2.9300,1.9600
07.01.2014 00:04:12.748,1.48830,1.48630,2.0400,1.1900
07.01.2014 00:04:14.144,1.48830,1.48630,2.7100,2.2400
07.01.2014 00:04:15.588,1.48828,1.48628,1.2800,2.9200
07.01.2014 00:04:17.043,1.48829,1.48629,2.0500,1.5400
07.01.2014 00:04:18.411,1.48831,1.48631,1.1300,1.1500
07.01.2014 00:04:19.948,1.48832,1.48632,2.3300,1.1600
07.01.2014 00:04:21.267,1.48833,1.48633,1.5800,2.6800
07.01.2014 00:04:22.752,1.48833,1.48633,2.4500,2.5400
07.01.2014 00:04:24.026,1.48834,1.48634,1.2000,1.1100
07.01.2014 00:04:25.411,1.48835,1.48635,1.6700,1.6900
07.01.2014 00:04:26.728,1.48834,1.48634,2.1700,1.6800
07.01.2014 00:04:28.142,1.48834,1.48634,1.2800,1.0000
07.01.2014 00:04:29.578,1.48837,1.48637,2.6000,2.2400
07.01.2014 00:04:31.009,1.48836,1.48636,1.5800,2.5300
07.01.2014 00:04:32.345,1.48838,1.48638,1.9000,1.7200
07.01.2014 00:04:33.786,1.48839,1.48639,1.8900,2.5600
07.01.2014 00:04:35.195,1.48841,1.48641,1.0700,1.9500
07.01.2014 00:04:36.745,1.48838,1.48638,1.1900,1.6200
07.01.2014 00:04:37.993,1.48837,1.48637,2.5800,2.8100
07.01.2014 00:04:39.246,1.48838,1.48638,2.8300,2.5100
07.01.2014 00:04:40.674,1.48841,1.48641,1.9900,2.5900
07.01.2014 00:04:41.886,1.48843,1.48643,1.3300,2.0900
07.01.2014 00:04:43.177,1.48843,1.48643,1.1700,2.1500
07.01.2014 00:04:44.378,1.48842,1.48642,2.2300,2.2400
07.01.2014 00:04:45.694,1.48839,1.48639,2.0900,2.3300
07.01.2014 00:04:47.121,1.48842,1.48642,1.4500,2.9100
07.01.2014 00:04:48.544,1.48841,1.48641,2.7200,1.8800
07.01.2014 00:04:49.806,1.48844,1.48644,1.8800,2.3200
07.01.2014 00:04:51.256,1.48843,1.48643,2.3500,1.2400
07.01.2014 00:04:52.675,1.48842,1.48642,1.1900,2.8700
07.01.2014 00:04:53.817,1.48840,1.48640,2.4900,1.4700
07.01.2014 00:04:55.199,1.48842,1.48642,1.3000,2.3700
07.01.2014 00:04:56.520,1.48843,1.48643,2.4900,2.3400
07.01.2014 00:04:57.839,1.48842,1.48642,1.4400,1.2000
07.01.2014 00:04:59.088,1.48841,1.48641,1.3000,1.5000
07.01.2014 00:05:00.387,1.48839,1.48639,1.0800,1.6300
07.01.2014 00:05:01.681,1.48839,1.48639,1.4000,1.2000
07.01.2014 00:05:03.111,1.48839,1.48639,1.5600,2.3900
07.01.2014 00:05:04.612,1.48841,1.48641,2.2900,2.7700
07.01.2014 00:05:05.934,1.48840,1.48640,1.4400,2.4700
07.01.2014 00:05:07.279,1.48838,1.48638,2.9100,1.8400
07.01.2014 00:05:08.730,1.48835,1.48635,1.4400,1.5600
07.01.2014 00:05:10.148,1.48838,1.48638,2.0700,2.0300
07.01.2014 00:05:11.378,1.48839,1.48639,2.7000,2.3700
07.01.2014 00:05:12.963,1.48839,1.48639,1.9400,2.4600
07.01.2014 00:05:14.329,1.48838,1.48638,1.3200,2.8600
07.01.2014 00:05:15.784,1.48840,1.48640,1.9600,1.5900
07.01.2014 00:05:17.236,1.48841,1.48641,1.8100,2.4600
07.01.2014 00:05:18.772,1.48840,1.48640,2.8400,2.8000
07.01.2014 00:05:20.279,1.48838,1.48638,2.1300,2.1900
07.01.2014 00:05:21.751,1.48838,1.48638,2.6800,1.3300
07.01.2014 00:05:23.163,1.48837,1.48637,2.7400,2.6000
07.01.2014 00:05:24.405,1.48836,1.48636,2.9300,2.7200
07.01.2014 00:05:25.792,1.48835,1.48635,2.6800,2.3300
07.01.2014 00:05:27.256,1.48834,1.48634,1.7300,1.1000
07.01.2014 00:05:28.618,1.48836,1.48636,1.3800,1.7100
07.01.2014 00:05:30.051,1.48835,1.48635,2.3900,2.2900
07.01.2014 00:05:31.474,1.48836,1.48636,2.1200,1.6600
07.01.2014 00:05:32.877,1.48835,1.48635,1.4500,1.1600
07.01.2014 00:05:34.422,1.48838,1.48638,2.5900,2.1100
07.01.2014 00:05:35.768,1.48836,1.48636,2.4200,1.9000
07.01.2014 00:05:37.272,1.48835,1.48635,2.5200,2.4900
07.01.2014 00:05:38.709,1.48835,1.48635,1.9700,2.8400
07.01.2014 00:05:40.245,1.48837,1.48637,1.3400,1.1700
07.01.2014 00:05:41.546,1.48835,1.48635,2.3900,2.0700
07.01.2014 00:05:42.888,1.48837,1.48637,2.5500,2.4700
07.01.2014 00:05:44.157,1.48837,1.48637,2.5700,2.1500
07.01.2014 00:05:45.450,1.48837,1.48637,1.4400,1.2200
07.01.2014 00:05:46.932,1.48836,1.48636,1.1600,2.7500
07.01.2014 00:05:48.118,1.48840,1.48640,1.4600,2.0900
07.01.2014 00:05:49.679,1.48839,1.48639,1.8200,2.6400
07.01.2014 00:05:51.015,1.48838,1.48638,1.8900,2.9200
07.01.2014 00:05:52.360,1.48840,1.48640,1.7600,1.6200
07.01.2014 00:05:53.747,1.48840,1.48640,2.9100,1.1900
07.01.2014 00:05:55.250,1.48839,1.48639,1.6800,2.9600
07.01.2014 00:05:56.724,1.48839,1.48639,2.8200,2.3600
07.01.2014 00:05:58.214,1.48837,1.48637,1.4400,1.1600
07.01.2014 00:05:59.746,1.48837,1.48637,1.2700,1.3500
07.01.2014 00:06:01.350,1.48835,1.48635,1.5300,2.5700
07.01.2014 00:06:02.814,1.48836,1.48636,1.5500,1.8400
07.01.2014 00:06:04.115,1.48837,1.48637,2.2200,1.4800
07.01.2014 00:06:05.616,1.48838,1.48638,1.5500,1.8600
07.01.2014 00:06:07.198,1.48835,1.48635,1.5000,2.4700
07.01.2014 00:06:08.724,1.48832,1.48632,1.4600,2.9800
07.01.2014 00:06:09.930,1.48830,1.48630,2.8000,1.0200
07.01.2014 00:06:11.127,1.48829,1.48629,1.9700,2.2100
07.01.2014 00:06:12.493,1.48828,1.48628,1.4300,1.0400
07.01.2014 00:06:13.910,1.48829,1.48629,1.9000,1.5600
07.01.2014 00:06:15.193,1.48829,1.48629,1.0100,1.3100
07.01.2014 00:06:16.632,1.48828,1.48628,1.0200,2.5500
07.01.2014 00:06:17.982,1.48826,1.48626,1.5800,2.7300
07.01.2014 00:06:19.275,1.48827,1.48627,1.7300,2.2600
07.01.2014 00:06:20.787,1.48825,1.48625,2.1300,1.4000
07.01.2014 00:06:22.262,1.48824,1.48624,1.2900,1.1100
07.01.2014 00:06:23.618,1.48824,1.48624,2.5100,1.4700
07.01.2014 00:06:24.978,1.48826,1.48626,1.3300,1.4100
07.01.2014 00:06:26.249,1.48826,1.48626,2.6400,2.0300
07.01.2014 00:06:27.691,1.48825,1.48625,1.0800,1.1400
07.01.2014 00:06:29.138,1.48824,1.48624,2.5100,1.8600
07.01.2014 00:06:30.514,1.48824,1.48624,1.8500,2.9700
07.01.2014 00:06:31.860,1.48824,1.48624,2.2200,2.7400
07.01.2014 00:06:33.269,1.48830,1.48630,1.6600,1.0100
07.01.2014 00:06:34.644,1.48829,1.48629,1.8300,1.7100
07.01.2014 00:06:36.020,1.48831,1.48631,2.0600,2.2400
07.01.2014 00:06:37.471,1.48830,1.48630,1.4600,2.7900
07.01.2014 00:06:38.958,1.48834,1.48634,1.2700,1.0900
07.01.2014 00:06:40.431,1.48830,1.48630,2.7900,2.1600
07.01.2014 00:06:41.724,1.48829,1.48629,1.7500,2.1600
07.01.2014 00:06:42.909,1.48827,1.48627,1.8100,2.5700
07.01.2014 00:06:44.320,1.48829,1.48629,1.5700,1.0300
07.01.2014 00:06:45.692,1.48830,1.48630,2.8900,2.9400
07.01.2014 00:06:47.157,1.48831,1.48631,1.7200,1.2700
07.01.2014 00:06:48.340,1.48835,1.48635,1.4700,1.9600
07.01.2014 00:06:49.733,1.48834,1.48634,2.1900,2.5100
07.01.2014 00:06:51.153,1.48834,1.48634,2.6800,2.0400
07.01.2014 00:06:52.575,1.48832,1.48632,1.7300,2.0200
07.01.2014 00:06:53.917,1.48831,1.48631,2.4100,1.2200
07.01.2014 00:06:55.218,1.48832,1.48632,1.3700,2.0900
07.01.2014 00:06:56.578,1.48835,1.48635,2.5400,1.0600
07.01.2014 00:06:57.879,1.48837,1.48637,1.7800,1.5900
07.01.2014 00:06:59.192,1.48840,1.48640,2.1600,2.9300
07.01.2014 00:07:00.593,1.48838,1.48638,1.8600,1.2000
07.01.2014 00:07:02.113,1.48840,1.48640,2.1800,2.1300
07.01.2014 00:07:03.425,1.48839,1.48639,1.1200,1.4700
07.01.2014 00:07:04.734,1.48836,1.48636,1.8000,1.6800
07.01.2014 00:07:06.234,1.48835,1.48635,2.5000,2.2700
07.01.2014 00:07:07.603,1.48835,1.48635,2.0400,1.4300
07.01.2014 00:07:08.951,1.48836,1.48636,1.9500,1.2600
07.01.2014 00:07:10.392,1.48837,1.48637,2.9000,2.6300
07.01.2014 00:07:11.876,1.48837,1.48637,2.0900,2.5600
07.01.2014 00:07:13.394,1.48835,1.48635,2.4900,1.0200
07.01.2014 00:07:14.771,1.48834,1.48634,1.6000,2.8600
07.01.2014 00:07:16.068,1.48835,1.48635,1.4700,2.1700
07.01.2014 00:07:17.433,1.48836,1.48636,2.5600,2.0400
07.01.2014 00:07:18.728,1.48833,1.48633,1.1700,1.6900
07.01.2014 00:07:20.124,1.48834,1.48634,2.2300,2.6000
07.01.2014 00:07:21.565,1.48836,1.48636,1.1800,1.4800
07.01.2014 00:07:22.922,1.48836,1.48636,2.3600,2.3800
07.01.2014 00:07:24.362,1.48834,1.48634,1.9900,1.2400
07.01.2014 00:07:25.654,1.48835,1.48635,2.5000,1.9600
07.01.2014 00:07:27.341,1.48833,1.48633,1.8000,1.0900
07.01.2014 00:07:28.778,1.48831,1.48631,1.7600,2.6900
07.01.2014 00:07:30.336,1.48832,1.48632,1.6300,1.7100
07.01.2014 00:07:31.650,1.48832,1.48632,2.1300,2.6300
07.01.2014 00:07:33.142,1.48834,1.48634,1.9600,2.9300
07.01.2014 00:07:34.407,1.48834,1.48634,1.5600,2.7500
07.01.2014 00:07:35.723,1.48833,1.48633,2.2600,1.1200
07.01.2014 00:07:37.201,1.48837,1.48637,2.0500,2.1400
07.01.2014 00:07:38.588,1.48837,1.48637,1.5500,1.0700
07.01.2014 00:07:39.941,1.48840,1.48640,1.5600,1.9800
07.01.2014 00:07:41.383,1.48841,1.48641,1.8000,2.4900
07.01.2014 00:07:42.695,1.48843,1.48643,1.3800,1.8000
07.01.2014 00:07:44.115,1.48840,1.48640,1.8800,2.6000
07.01.2014 00:07:45.617,1.48839,1.48639,1.1800,1.2300
07.01.2014 00:07:46.987,1.48839,1.48639,1.4000,2.4100
07.01.2014 00:07:48.481,1.48842,1.48642,2.8000,2.7200
07.01.2014 00:07:49.987,1.48840,1.48640,1.6000,2.1500
07.01.2014 00:07:51.406,1.48840,1.48640,2.3900,2.5400
07.01.2014 00:07:52.781,1.48839,1.48639,1.8600,2.7000
07.01.2014 00:07:54.124,1.48838,1.48638,1.9600,2.8200
07.01.2014 00:07:55.556,1.48840,1.48640,2.9300,1.1100
07.01.2014 00:07:57.064,1.48839,1.48639,2.4500,2.1000
07.01.2014 00:07:58.480,1.48838,1.48638,1.2000,1.7500
07.01.2014 00:07:59.877,1.48838,1.48638,1.1200,1.4000
07.01.2014 00:08:01.394,1.48837,1.48637,1.9000,1.8500
07.01.2014 00:08:02.719,1.48838,1.48638,1.8900,1.9400
07.01.2014 00:08:04.099,1.48837,1.48637,1.2400,1.7200
07.01.2014 00:08:05.477,1.48836,1.48636,1.0700,2.8500
07.01.2014 00:08:06.775,1.48834,1.48634,1.0500,1.5600
07.01.2014 00:08:08.194,1.48834,1.48634,1.8500,1.0000
07.01.2014 00:08:09.798,1.48833,1.48633,2.6300,1.6300
07.01.2014 00:08:11.209,1.48837,1.48637,1.2700,2.1300
07.01.2014 00:08:12.445,1.48838,1.48638,1.4400,2.0300
07.01.2014 00:08:13.713,1.48840,1.48640,2.7800,2.6100
07.01.2014 00:08:15.097,1.48839,1.48639,2.8400,1.8800
07.01.2014 00:08:16.558,1.48839,1.48639,2.9800,2.3200
07.01.2014 00:08:17.909,1.48838,1.48638,1.7800,1.4000
07.01.2014 00:08:19.406,1.48839,1.48639,2.6800,1.0600
07.01.2014 00:08:20.857,1.48841,1.48641,2.6200,1.7000
07.01.2014 00:08:22.338,1.48842,1.48642,2.9100,2.3200
07.01.2014 00:08:23.762,1.48844,1.48644,2.4800,1.2400
07.01.2014 00:08:25.230,1.48844,1.48644,2.1500,1.1100
07.01.2014 00:08:26.707,1.48844,1.48644,1.7500,1.3200
07.01.2014 00:08:28.277,1.48842,1.48642,2.6600,2.5000
07.01.2014 00:08:29.663,1.48840,1.48640,2.5300,2.6800
07.01.2014 00:08:31.296,1.48837,1.48637,1.5500,2.7400
07.01.2014 00:08:32.921,1.48839,1.48639,2.4000,2.8300
07.01.2014 00:08:34.390,1.48840,1.48640,1.0600,2.9100
07.01.2014 00:08:35.838,1.48839,1.48639,2.2900,1.6000
07.01.2014 00:08:37.416,1.48838,1.48638,1.9700,2.6400
07.01.2014 00:08:38.763,1.48837,1.48637,1.5200,1.0500
07.01.2014 00:08:40.143,1.48838,1.48638,2.5600,2.0900
07.01.2014 00:08:41.498,1.48838,1.48638,2.7400,2.5800
07.01.2014 00:08:42.847,1.48840,1.48640,2.9500,1.7300
07.01.2014 00:08:44.135,1.48839,1.48639,1.1800,1.9900
07.01.2014 00:08:45.557,1.48838,1.48638,2.0100,1.1000
07.01.2014 00:08:46.904,1.48838,1.48638,1.9800,1.4800
07.01.2014 00:08:48.178,1.48837,1.48637,2.1900,2.0700
07.01.2014 00:08:49.493,1.48838,1.48638,1.0900,2.1000
07.01.2014 00:08:51.107,1.48838,1.48638,2.7600,2.6700
07.01.2014 00:08:52.500,1.48838,1.48638,1.0800,1.9200
07.01.2014 00:08:54.022,1.48836,1.48636,1.8900,1.9100
07.01.2014 00:08:55.431,1.48836,1.48636,1.3200,2.3100
07.01.2014 00:08:56.891,1.48838,1.48638,1.7900,1.5300
07.01.2014 00:08:58.319,1.48838,1.48638,1.2800,1.2600
07.01.2014 00:08:59.679,1.48839,1.48639,1.9300,2.3800
07.01.2014 00:09:01.017,1.48838,1.48638,1.5200,2.1700
07.01.2014 00:09:02.439,1.48839,1.48639,1.9600,1.7000
07.01.2014 00:09:03.866,1.48838,1.48638,2.9200,2.3600
07.01.2014 00:09:05.200,1.48837,1.48637,1.3900,2.5000
07.01.2014 00:09:06.471,1.48835,1.48635,2.1300,1.9600
07.01.2014 00:09:07.722,1.48834,1.48634,1.7000,1.1900
07.01.2014 00:09:09.281,1.48834,1.48634,2.1600,2.3700
07.01.2014 00:09:10.626,1.48833,1.48633,2.9500,2.7800
07.01.2014 00:09:12.040,1.48835,1.48635,2.5900,1.0800
07.01.2014 00:09:13.295,1.48836,1.48636,1.2400,2.5100
07.01.2014 00:09:14.693,1.48835,1.48635,1.8200,2.3900
07.01.2014 00:09:15.871,1.48837,1.48637,2.9500,2.6500
07.01.2014 00:09:17.159,1.48835,1.48635,1.5100,2.7400
07.01.2014 00:09:18.418,1.48834,1.48634,1.1400,1.0900
07.01.2014 00:09:19.868,1.48836,1.48636,2.3700,2.1700
07.01.2014 00:09:21.242,1.48837,1.48637,1.7400,2.4800
07.01.2014 00:09:22.760,1.48838,1.48638,1.4800,1.5100
07.01.2014 00:09:24.190,1.48840,1.48640,1.5100,1.0800
07.01.2014 00:09:25.606,1.48838,1.48638,1.6900,1.5000
07.01.2014 00:09:27.054,1.48836,1.48636,2.9200,2.7900
07.01.2014 00:09:28.300,1.48837,1.48637,2.6600,2.7100
07.01.2014 00:09:29.664,1.48838,1.48638,1.7300,2.7800
07.01.2014 00:09:31.082,1.48839,1.48639,2.7800,1.1600
07.01.2014 00:09:32.487,1.48838,1.48638,1.8200,2.4300
07.01.2014 00:09:33.965,1.48837,1.48637,1.1800,2.9000
07.01.2014 00:09:35.466,1.48837,1.48637,1.5300,2.9700
07.01.2014 00:09:36.882,1.48839,1.48639,1.9300,1.1200
07.01.2014 00:09:38.191,1.48838,1.48638,1.5300,1.2000
07.01.2014 00:09:39.648,1.48837,1.48637,1.7500,2.0700
07.01.2014 00:09:41.029,1.48838,1.48638,2.9000,2.1700
07.01.2014 00:09:42.700,1.48839,1.48639,1.4800,2.5000
07.01.2014 00:09:43.991,1.48837,1.48637,1.7500,2.9100
07.01.2014 00:09:45.256,1.48837,1.48637,1.7000,1.1400
07.01.2014 00:09:46.635,1.48836,1.48636,1.6900,1.8000
07.01.2014 00:09:47.936,1.48836,1.48636,1.6000,1.0400
07.01.2014 00:09:49.328,1.48836,1.48636,1.1900,2.8600
07.01.2014 00:09:50.730,1.48833,1.48633,2.6500,1.7500
07.01.2014 00:09:52.010,1.48833,1.48633,2.2900,1.4900
07.01.2014 00:09:53.195,1.48829,1.48629,1.2100,2.2800
07.01.2014 00:09:54.670,1.48833,1.48633,1.3100,2.5300
07.01.2014 00:09:55.973,1.48831,1.48631,2.5000,2.6100
07.01.2014 00:09:57.255,1.48830,1.48630,1.3400,2.2200
07.01.2014 00:09:58.683,1.48834,1.48634,1.4800,1.0900
07.01.2014 00:10:00.023,1.48834,1.48634,2.5000,2.1000
07.01.2014 00:10:01.342,1.48833,1.48633,2.5300,2.9700
07.01.2014 00:10:02.800,1.48834,1.48634,1.8300,2.9200
07.01.2014 00:10:04.230,1.48834,1.48634,2.8300,2.8900
07.01.2014 00:10:05.653,1.48836,1.48636,1.9700,2.6300
07.01.2014 00:10:07.087,1.48834,1.48634,1.3100,1.7000
07.01.2014 00:10:08.520,1.48835,1.48635,2.7000,1.6800
07.01.2014 00:10:09.761,1.48836,1.48636,2.1900,1.1300
07.01.2014 00:10:11.213,1.48834,1.48634,2.4700,2.4300
07.01.2014 00:10:12.718,1.48833,1.48633,1.3900,1.9500
07.01.2014 00:10:14.219,1.48833,1.48633,1.3000,2.8200
07.01.2014 00:10:15.697,1.48834,1.48634,1.1200,1.9300
07.01.2014 00:10:17.018,1.48833,1.48633,1.3200,1.0400
07.01.2014 00:10:18.517,1.48832,1.48632,1.2100,1.1200
07.01.2014 00:10:19.905,1.48830,1.48630,2.6700,2.2300
07.01.2014 00:10:21.401,1.48831,1.48631,1.0300,2.7200
07.01.2014 00:10:22.749,1.48830,1.48630,2.0300,1.8600
07.01.2014 00:10:24.038,1.48831,1.48631,1.1100,1.5300
07.01.2014 00:10:25.386,1.48832,1.48632,2.0200,1.0700
07.01.2014 00:10:26.772,1.48832,1.48632,2.4800,2.0900
07.01.2014 00:10:27.963,1.48833,1.48633,1.3000,2.3700
07.01.2014 00:10:29.299,1.48833,1.48633,1.7500,2.2300
07.01.2014 00:10:30.538,1.48834,1.48634,2.3700,2.4700
07.01.2014 00:10:32.136,1.48836,1.48636,2.2900,2.2200
07.01.2014 00:10:33.480,1.48836,1.48636,2.7600,2.9300
07.01.2014 00:10:34.936,1.48835,1.48635,2.8600,2.2600
07.01.2014 00:10:36.150,1.48834,1.48634,1.2300,2.5600
07.01.2014 00:10:37.645,1.48834,1.48634,1.7600,1.2500
07.01.2014 00:10:39.048,1.48833,1.48633,2.4100,2.4900
07.01.2014 00:10:40.181,1.48832,1.48632,1.5900,1.8400
07.01.2014 00:10:41.539,1.48833,1.48633,1.1900,2.3500
07.01.2014 00:10:42.978,1.48832,1.48632,1.4000,1.1100
07.01.2014 00:10:44.607,1.48831,1.48631,1.5000,1.0900
07.01.2014 00:10:45.999,1.48831,1.48631,1.2700,2.6600
07.01.2014 00:10:47.471,1.48831,1.48631,2.3500,1.4600
07.01.2014 00:10:48.892,1.48832,1.48632,2.1400,2.5400
07.01.2014 00:10:50.262,1.48832,1.48632,1.5300,1.4300
07.01.2014 00:10:51.583,1.48831,1.48631,2.6500,2.4500
07.01.2014 00:10:52.945,1.48831,1.48631,2.8100,2.2800
07.01.2014 00:10:54.211,1.48832,1.48632,2.6400,1.1700
07.01.2014 00:10:55.578,1.48833,1.48633,2.5900,2.7400
07.01.2014 00:10:57.072,1.48833,1.48633,1.5300,2.8300
07.01.2014 00:10:58.316,1.48832,1.48632,1.7200,2.9900
07.01.2014 00:10:59.744,1.48832,1.48632,2.7600,2.0100
07.01.2014 00:11:01.137,1.48834,1.48634,1.8100,2.0900
07.01.2014 00:11:02.668,1.48836,1.48636,1.4300,2.3600
07.01.2014 00:11:04.064,1.48835,1.48635,1.5900,2.9500
07.01.2014 00:11:05.500,1.48835,1.48635,2.7400,1.0700
07.01.2014 00:11:06.877,1.48839,1.48639,1.0500,1.3600
07.01.2014 00:11:08.297,1.48838,1.48638,2.7300,2.1100
07.01.2014 00:11:09.782,1.48837,1.48637,2.5700,2.8300
07.01.2014 00:11:11.228,1.48838,1.48638,2.7800,1.0400
07.01.2014 00:11:12.736,1.48836,1.48636,2.2900,2.0800
07.01.2014 00:11:14.049,1.48836,1.48636,2.8400,2.3200
07.01.2014 00:11:15.597,1.48840,1.48640,1.8000,1.8700
07.01.2014 00:11:16.982,1.48840,1.48640,1.9000,1.1600
07.01.2014 00:11:18.388,1.48840,1.48640,2.4700,1.0900
07.01.2014 00:11:19.966,1.48838,1.48638,2.0500,1.6500
07.01.2014 00:11:21.529,1.48837,1.48637,2.8300,2.3700
07.01.2014 00:11:22.914,1.48833,1.48633,1.8400,2.0200
07.01.2014 00:11:24.352,1.48833,1.48633,2.1600,1.3800
07.01.2014 00:11:25.654,1.48835,1.48635,1.4900,1.9400
07.01.2014 00:11:27.109,1.48833,1.48633,2.4100,1.6000
07.01.2014 00:11:28.485,1.48835,1.48635,1.3900,1.4100
07.01.2014 00:11:29.854,1.48835,1.48635,1.9200,1.0900
07.01.2014 00:11:31.229,1.48834,1.48634,2.2600,2.5400
07.01.2014 00:11:32.670,1.48833,1.48633,1.1900,2.4800
07.01.2014 00:11:33.918,1.48831,1.48631,1.6000,1.4300
07.01.2014 00:11:35.228,1.48833,1.48633,2.0500,2.0300
07.01.2014 00:11:36.566,1.48831,1.48631,2.1500,2.3800
07.01.2014 00:11:37.873,1.48833,1.48633,2.0900,1.6300
07.01.2014 00:11:39.437,1.48830,1.48630,2.5600,1.5500
07.01.2014 00:11:41.040,1.48831,1.48631,1.4900,1.9400
07.01.2014 00:11:42.397,1.48828,1.48628,2.2800,1.1700
07.01.2014 00:11:43.737,1.48827,1.48627,1.4700,1.0700
07.01.2014 00:11:45.228,1.48825,1.48625,2.7600,2.9000
07.01.2014 00:11:46.658,1.48826,1.48626,2.1500,1.8800
07.01.2014 00:11:48.074,1.48825,1.48625,2.1300,1.1500
07.01.2014 00:11:49.457,1.48823,1.48623,2.4700,1.2200
07.01.2014 00:11:50.771,1.48824,1.48624,1.9600,2.9800
07.01.2014 00:11:52.204,1.48825,1.48625,2.5600,2.0700
07.01.2014 00:11:53.664,1.48824,1.48624,2.6600,1.1600
07.01.2014 00:11:54.973,1.48821,1.48621,2.4100,2.7000
07.01.2014 00:11:56.345,1.48824,1.48624,2.5900,2.0800
07.01.2014 00:11:57.688,1.48825,1.48625,1.9400,1.6600
07.01.2014 00:11:59.047,1.48823,1.48623,1.5700,2.9500
07.01.2014 00:12:00.437,1.48824,1.48624,1.6100,1.0900
07.01.2014 00:12:01.789,1.48826,1.48626,1.7300,1.4900
07.01.2014 00:12:03.246,1.48826,1.48626,2.7200,1.3000
07.01.2014 00:12:04.689,1.48828,1.48628,1.5200,1.7700
07.01.2014 00:12:06.218,1.48829,1.48629,2.1600,1.4900
07.01.2014 00:12:07.713,1.48832,1.48632,1.0400,1.8600
07.01.2014 00:12:09.057,1.48835,1.48635,1.9200,1.7900
07.01.2014 00:12:10.447,1.48834,1.48634,2.4500,2.7000
07.01.2014 00:12:11.868,1.48833,1.48633,2.2200,1.9400
07.01.2014 00:12:13.419,1.48831,1.48631,1.1800,1.9000
07.01.2014 00:12:14.739,1.48831,1.48631,1.7400,1.6300
07.01.2014 00:12:16.213,1.48831,1.48631,2.8700,2.0300
07.01.2014 00:12:17.747,1.48834,1.48634,2.9100,1.9900
07.01.2014 00:12:19.176,1.48837,1.48637,1.4000,2.1900
07.01.2014 00:12:20.534,1.48835,1.48635,1.3500,2.3500
07.01.2014 00:12:21.969,1.48834,1.48634,2.0400,2.8200
07.01.2014 00:12:23.356,1.48834,1.48634,1.9800,2.0500
07.01.2014 00:12:24.604,1.48832,1.48632,1.0700,1.1400
07.01.2014 00:12:25.988,1.48828,1.48628,2.5900,2.6200
07.01.2014 00:12:27.422,1.48828,1.48628,1.6400,2.8100
07.01.2014 00:12:28.765,1.48828,1.48628,2.0300,1.5800
07.01.2014 00:12:30.012,1.48827,1.48627,1.7100,2.1500
07.01.2014 00:12:31.447,1.48827,1.48627,2.4800,1.5000
07.01.2014 00:12:32.851,1.48826,1.48626,1.9000,2.9000
07.01.2014 00:12:34.377,1.48827,1.48627,1.3400,2.2100
07.01.2014 00:12:35.623,1.48831,1.48631,2.3500,2.7600
07.01.2014 00:12:37.062,1.48833,1.48633,1.9600,2.3100
07.01.2014 00:12:38.392,1.48832,1.48632,1.2100,2.0100
07.01.2014 00:12:39.697,1.48835,1.48635,2.0200,2.6400
07.01.2014 00:12:41.137,1.48833,1.48633,1.3500,1.5200
07.01.2014 00:12:42.726,1.48830,1.48630,2.9000,2.0300
07.01.2014 00:12:44.106,1.48830,1.48630,1.8200,1.6600
07.01.2014 00:12:45.430,1.48831,1.48631,2.9700,1.4200
07.01.2014 00:12:46.767,1.48831,1.48631,1.0100,2.6500
07.01.2014 00:12:48.136,1.48831,1.48631,1.2200,1.1100
07.01.2014 00:12:49.460,1.48831,1.48631,2.8700,1.8600
07.01.2014 00:12:50.914,1.48829,1.48629,2.6700,2.7700
07.01.2014 00:12:52.196,1.48827,1.48627,1.3800,1.4500
07.01.2014 00:12:53.637,1.48826,1.48626,2.2400,2.4800
07.01.2014 00:12:55.151,1.48825,1.48625,2.5900,1.3200
07.01.2014 00:12:56.565,1.48825,1.48625,1.1500,2.6800
07.01.2014 00:12:58.057,1.48825,1.48625,2.3200,2.0700
07.01.2014 00:12:59.524,1.48824,1.48624,2.4200,2.6800
07.01.2014 00:13:01.080,1.48825,1.48625,2.8300,2.2100
07.01.2014 00:13:02.301,1.48829,1.48629,2.4600,2.8300
07.01.2014 00:13:03.668,1.48827,1.48627,2.2800,1.6400
07.01.2014 00:13:05.069,1.48827,1.48627,2.7800,1.5000
07.01.2014 00:13:06.536,1.48826,1.48626,1.2600,1.6800
07.01.2014 00:13:08.212,1.48826,1.48626,1.4100,1.3100
07.01.2014 00:13:09.703,1.48825,1.48625,1.5300,1.7800
07.01.2014 00:13:10.983,1.48824,1.48624,2.7900,2.4200
07.01.2014 00:13:12.415,1.48825,1.48625,1.3100,2.4100
07.01.2014 00:13:13.830,1.48825,1.48625,1.5600,1.2900
07.01.2014 00:13:15.266,1.48825,1.48625,2.5800,1.7100
07.01.2014 00:13:16.776,1.48825,1.48625,1.0100,2.3400
07.01.2014 00:13:18.313,1.48821,1.48621,2.1100,2.6300
07.01.2014 00:13:19.636,1.48818,1.48618,1.3500,2.3500
07.01.2014 00:13:21.029,1.48823,1.48623,1.4000,2.7400
07.01.2014 00:13:22.446,1.48822,1.48622,2.0000,2.7200
07.01.2014 00:13:23.786,1.48821,1.48621,2.7100,2.6800
07.01.2014 00:13:25.045,1.48818,1.48618,2.5300,2.4900
07.01.2014 00:13:26.647,1.48822,1.48622,1.9000,2.3400
07.01.2014 00:13:27.993,1.48821,1.48621,1.2800,1.4000
07.01.2014 00:13:29.390,1.48820,1.48620,1.6200,1.6700
07.01.2014 00:13:30.773,1.48823,1.48623,2.2900,2.9400
07.01.2014 00:13:32.216,1.48825,1.48625,2.1300,2.9100
07.01.2014 00:13:33.731,1.48827,1.48627,2.3000,2.6400
07.01.2014 00:13:35.181,1.48831,1.48631,1.5000,1.6600
07.01.2014 00:13:36.576,1.48831,1.48631,2.5000,2.3900
07.01.2014 00:13:38.070,1.48834,1.48634,2.4700,1.2200
07.01.2014 00:13:39.461,1.48836,1.48636,2.1400,2.8400
07.01.2014 00:13:40.881,1.48833,1.48633,1.1500,1.0100
07.01.2014 00:13:42.484,1.48830,1.48630,1.7100,1.3100
07.01.2014 00:13:43.760,1.48830,1.48630,1.8800,1.7700
07.01.2014 00:13:45.257,1.48833,1.48633,1.7100,1.0600
07.01.2014 00:13:46.720,1.48834,1.48634,1.7100,2.9700
07.01.2014 00:13:48.246,1.48836,1.48636,2.8100,2.3200
07.01.2014 00:13:49.700,1.48838,1.48638,2.9300,2.9400
07.01.2014 00:13:51.213,1.48837,1.48637,1.3300,2.8100
07.01.2014 00:13:52.628,1.48834,1.48634,2.1800,1.9200
07.01.2014 00:13:54.195,1.48833,1.48633,2.7000,1.3300
07.01.2014 00:13:55.682,1.48834,1.48634,1.2200,1.2200
07.01.2014 00:13:57.261,1.48835,1.48635,2.7800,2.0600
07.01.2014 00:13:58.589,1.48835,1.48635,1.9000,2.1200
07.01.2014 00:13:59.972,1.48837,1.48637,2.2700,2.6900
07.01.2014 00:14:01.243,1.48840,1.48640,1.5600,2.9700
07.01.2014 00:14:02.676,1.48839,1.48639,2.9000,2.5500
07.01.2014 00:14:03.966,1.48839,1.48639,1.1500,1.1200
07.01.2014 00:14:05.291,1.48840,1.48640,1.9800,2.2500
07.01.2014 00:14:06.635,1.48841,1.48641,2.5400,1.7600
07.01.2014 00:14:08.102,1.48841,1.48641,1.8400,1.0200
07.01.2014 00:14:09.432,1.48842,1.48642,2.7700,2.6500
07.01.2014 00:14:10.832,1.48844,1.48644,2.8900,1.1300
07.01.2014 00:14:12.216,1.48842,1.48642,1.0300,1.9600
07.01.2014 00:14:13.623,1.48844,1.48644,1.8400,2.5500
07.01.2014 00:14:15.029,1.48844,1.48644,1.2200,2.2400
07.01.2014 00:14:16.658,1.48843,1.48643,1.6900,1.1100
07.01.2014 00:14:18.015,1.48846,1.48646,2.3100,2.4600
07.01.2014 00:14:19.217,1.48845,1.48645,1.5000,2.7100
07.01.2014 00:14:20.545,1.48845,1.48645,1.5000,1.0200
07.01.2014 00:14:21.861,1.48845,1.48645,1.4600,2.2100
07.01.2014 00:14:23.190,1.48842,1.48642,1.5300,2.2400
07.01.2014 00:14:24.664,1.48843,1.48643,1.1800,1.5500
07.01.2014 00:14:26.057,1.48841,1.48641,2.0500,1.6700
07.01.2014 00:14:27.422,1.48843,1.48643,2.4900,2.8200
07.01.2014 00:14:28.924,1.48844,1.48644,2.5900,2.4900
07.01.2014 00:14:30.311,1.48844,1.48644,2.3400,2.5000
07.01.2014 00:14:31.652,1.48844,1.48644,1.2700,1.2900
07.01.2014 00:14:32.837,1.48846,1.48646,1.5500,1.3000
07.01.2014 00:14:34.286,1.48847,1.48647,1.0500,1.3500
07.01.2014 00:14:35.668,1.48845,1.48645,1.9500,1.3600
07.01.2014 00:14:37.009,1.48844,1.48644,1.0800,1.0500
07.01.2014 00:14:38.491,1.48843,1.48643,2.5500,1.6400
07.01.2014 00:14:39.805,1.48843,1.48643,2.9200,1.4100
07.01.2014 00:14:41.268,1.48843,1.48643,2.0700,1.1300
07.01.2014 00:14:42.663,1.48841,1.48641,1.0400,2.5100
07.01.2014 00:14:44.056,1.48840,1.48640,1.5700,1.4700
07.01.2014 00:14:45.386,1.48837,1.48637,2.2300,2.8200
07.01.2014 00:14:46.738,1.48837,1.48637,1.6400,1.3500
07.01.2014 00:14:48.257,1.48838,1.48638,1.0400,2.3800
07.01.2014 00:14:49.815,1.48840,1.48640,1.6200,1.0500
07.01.2014 00:14:51.409,1.48839,1.48639,1.4800,2.3600
07.01.2014 00:14:52.785,1.48839,1.48639,2.8300,2.6500
07.01.2014 00:14:54.356,1.48837,1.48637,1.9000,2.1800
07.01.2014 00:14:55.625,1.48838,1.48638,2.0500,1.0100
07.01.2014 00:14:57.012,1.48840,1.48640,1.6900,2.2200
07.01.2014 00:14:58.574,1.48841,1.48641,2.4700,1.9700
07.01.2014 00:14:59.922,1.48841,1.48641,1.0300,2.9500
07.01.2014 00:15:01.464,1.48845,1.48645,1.1900,2.3900
07.01.2014 00:15:02.816,1.48846,1.48646,1.4400,2.2800
07.01.2014 00:15:04.178,1.48844,1.48644,2.3700,1.8500
07.01.2014 00:15:05.504,1.48844,1.48644,1.7900,2.9200
07.01.2014 00:15:06.813,1.48843,1.48643,2.6700,2.5800
07.01.2014 00:15:08.263,1.48840,1.48640,2.2700,2.5200
07.01.2014 00:15:09.618,1.48838,1.48638,1.4800,2.2600
07.01.2014 00:15:11.037,1.48839,1.48639,2.4700,1.3000
07.01.2014 00:15:12.641,1.48842,1.48642,2.6300,1.4400
07.01.2014 00:15:14.061,1.48845,1.48645,2.6600,2.4800
07.01.2014 00:15:15.570,1.48844,1.48644,1.6100,2.6200
07.01.2014 00:15:16.926,1.48844,1.48644,2.1400,1.6100
07.01.2014 00:15:18.460,1.48841,1.48641,2.5700,2.4000
07.01.2014 00:15:19.808,1.48840,1.48640,1.1300,1.6500
07.01.2014 00:15:21.135,1.48840,1.48640,1.2000,1.0700
07.01.2014 00:15:22.500,1.48841,1.48641,2.8500,1.8600
07.01.2014 00:15:23.835,1.48839,1.48639,1.6000,2.4400
07.01.2014 00:15:25.154,1.48837,1.48637,2.1100,2.4900
07.01.2014 00:15:26.665,1.48839,1.48639,2.5900,2.6900
07.01.2014 00:15:28.080,1.48838,1.48638,1.1300,1.7300
07.01.2014 00:15:29.663,1.48839,1.48639,2.1300,1.3600
07.01.2014 00:15:31.154,1.48839,1.48639,1.2300,2.8800
07.01.2014 00:15:32.562,1.48837,1.48637,2.4700,2.0000
07.01.2014 00:15:33.944,1.48836,1.48636,2.5400,1.7000
07.01.2014 00:15:35.464,1.48836,1.48636,2.3900,2.2200
07.01.2014 00:15:36.829,1.48836,1.48636,2.4500,1.2000
07.01.2014 00:15:38.169,1.48832,1.48632,2.2200,2.2100
07.01.2014 00:15:39.668,1.48832,1.48632,2.4500,1.9900
07.01.2014 00:15:41.042,1.48834,1.48634,2.5300,1.2300
07.01.2014 00:15:42.444,1.48833,1.48633,2.9700,1.2700
07.01.2014 00:15:43.722,1.48831,1.48631,2.0000,2.9700
07.01.2014 00:15:45.091,1.48829,1.48629,2.4800,1.1200
07.01.2014 00:15:46.406,1.48830,1.48630,1.9900,2.3300
07.01.2014 00:15:47.960,1.48829,1.48629,1.4800,2.7000
07.01.2014 00:15:49.530,1.48827,1.48627,2.0500,2.2300
07.01.2014 00:15:50.906,1.48830,1.48630,2.8900,2.7800
07.01.2014 00:15:52.326,1.48830,1.48630,2.5400,2.9900
07.01.2014 00:15:53.715,1.48827,1.48627,2.2100,1.3700
07.01.2014 00:15:55.023,1.48830,1.48630,2.3000,2.3500
07.01.2014 00:15:56.589,1.48829,1.48629,1.4700,2.5400
07.01.2014 00:15:57.999,1.48832,1.48632,1.7400,1.9300
07.01.2014 00:15:59.382,1.48832,1.48632,2.2700,1.0600
07.01.2014 00:16:00.772,1.48829,1.48629,2.5700,2.6400
07.01.2014 00:16:02.159,1.48832,1.48632,2.3100,1.9000
07.01.2014 00:16:03.541,1.48832,1.48632,1.5300,2.2200
07.01.2014 00:16:05.011,1.48833,1.48633,2.5000,1.5800
07.01.2014 00:16:06.374,1.48833,1.48633,1.5000,2.4100
07.01.2014 00:16:07.700,1.48832,1.48632,2.9000,2.8100
07.01.2014 00:16:09.121,1.48829,1.48629,1.4500,1.9600
07.01.2014 00:16:10.433,1.48831,1.48631,2.5500,1.1500
07.01.2014 00:16:11.860,1.48832,1.48632,1.8400,2.3500
07.01.2014 00:16:13.188,1.48831,1.48631,2.8000,1.0100
07.01.2014 00:16:14.429,1.48830,1.48630,1.3100,1.9100
07.01.2014 00:16:15.832,1.48830,1.48630,2.0400,1.8600
07.01.2014 00:16:17.188,1.48830,1.48630,1.1600,1.4900
07.01.2014 00:16:18.560,1.48831,1.48631,2.3500,2.7700
07.01.2014 00:16:20.019,1.48828,1.48628,1.7900,1.7500
07.01.2014 00:16:21.420,1.48830,1.48630,1.0800,2.1100
07.01.2014 00:16:22.807,1.48833,1.48633,2.9600,2.8900
07.01.2014 00:16:24.121,1.48831,1.48631,1.1300,2.5400
07.01.2014 00:16:25.454,1.48828,1.48628,2.1600,2.0900
07.01.2014 00:16:26.900,1.48829,1.48629,2.5100,1.8000
07.01.2014 00:16:28.162,1.48831,1.48631,2.0000,1.3700
07.01.2014 00:16:29.416,1.48831,1.48631,2.6800,2.9300
07.01.2014 00:16:30.955,1.48832,1.48632,1.9200,1.4300
07.01.2014 00:16:32.189,1.48834,1.48634,2.8800,2.5100
07.01.2014 00:16:33.583,1.48837,1.48637,1.5400,1.3900
07.01.2014 00:16:34.996,1.48839,1.48639,1.6600,1.9400
07.01.2014 00:16:36.356,1.48837,1.48637,2.6900,1.8400
07.01.2014 00:16:37.833,1.48835,1.48635,2.6000,2.4300
07.01.2014 00:16:39.184,1.48833,1.48633,2.0500,1.0400
07.01.2014 00:16:40.581,1.48834,1.48634,2.5500,2.2400
07.01.2014 00:16:42.016,1.48835,1.48635,2.9200,1.2100
07.01.2014 00:16:43.327,1.48836,1.48636,2.6100,2.9200
07.01.2014 00:16:44.764,1.48839,1.48639,2.8500,2.0900
07.01.2014 00:16:46.294,1.48837,1.48637,1.8600,1.5700
07.01.2014 00:16:47.918,1.48834,1.48634,2.2000,1.1500
07.01.2014 00:16:49.184,1.48835,1.48635,1.7400,1.6600
07.01.2014 00:16:50.565,1.48836,1.48636,1.2000,1.4000
07.01.2014 00:16:51.930,1.48836,1.48636,2.4800,1.8600
07.01.2014 00:16:53.443,1.48838,1.48638,2.6100,1.9500
07.01.2014 00:16:54.753,1.48836,1.48636,2.2300,2.5800
07.01.2014 00:16:56.083,1.48834,1.48634,2.6100,2.5400
07.01.2014 00:16:57.503,1.48834,1.48634,2.1700,2.9800
07.01.2014 00:16:58.802,1.48834,1.48634,2.9700,2.2100
07.01.2014 00:17:00.109,1.48834,1.48634,1.7800,2.9900
07.01.2014 00:17:01.343,1.48832,1.48632,1.0700,2.9600
07.01.2014 00:17:02.744,1.48832,1.48632,2.8000,2.2000
07.01.2014 00:17:04.302,1.48834,1.48634,1.8300,2.4600
07.01.2014 00:17:05.747,1.48835,1.48635,1.8400,2.0600
07.01.2014 00:17:07.304,1.48834,1.48634,1.0800,2.7700
07.01.2014 00:17:08.704,1.48834,1.48634,1.4200,1.8300
07.01.2014 00:17:10.153,1.48833,1.48633,2.1600,1.8300
07.01.2014 00:17:11.474,1.48835,1.48635,2.7900,2.3400
07.01.2014 00:17:12.790,1.48833,1.48633,1.9200,2.4300
07.01.2014 00:17:14.173,1.48833,1.48633,1.0200,1.0300
07.01.2014 00:17:15.599,1.48832,1.48632,2.0300,1.3200
07.01.2014 00:17:17.063,1.48831,1.48631,1.4100,1.3400
07.01.2014 00:17:18.432,1.48833,1.48633,2.8400,1.3900
07.01.2014 00:17:19.868,1.48834,1.48634,2.1900,1.0200
07.01.2014 00:17:21.303,1.48835,1.48635,2.3300,1.5400
07.01.2014 00:17:22.662,1.48834,1.48634,1.5100,1.3900
07.01.2014 00:17:23.927,1.48833,1.48633,1.8300,1.2400
07.01.2014 00:17:25.321,1.48830,1.48630,2.7900,2.5600
07.01.2014 00:17:26.955,1.48833,1.48633,2.7900,2.7700
07.01.2014 00:17:28.382,1.48831,1.48631,1.5300,2.0000
07.01.2014 00:17:29.884,1.48831,1.48631,1.4400,1.9500
07.01.2014 00:17:31.366,1.48831,1.48631,1.3000,2.3700
07.01.2014 00:17:32.794,1.48833,1.48633,2.6600,1.3300
07.01.2014 00:17:34.203,1.48831,1.48631,1.1900,1.7500
07.01.2014 00:17:35.645,1.48833,1.48633,1.4800,1.4100
07.01.2014 00:17:37.063,1.48832,1.48632,2.6600,1.5400
07.01.2014 00:17:38.559,1.48829,1.48629,1.8200,2.3700
07.01.2014 00:17:40.099,1.48829,1.48629,1.0800,2.3000
07.01.2014 00:17:41.374,1.48829,1.48629,2.2700,2.1900
07.01.2014 00:17:42.749,1.48826,1.48626,1.5800,1.9100
07.01.2014 00:17:44.217,1.48827,1.48627,2.0600,1.6300
07.01.2014 00:17:45.694,1.48827,1.48627,1.4300,2.5800
07.01.2014 00:17:46.934,1.48823,1.48623,2.8600,1.9500
07.01.2014 00:17:48.268,1.48822,1.48622,2.3100,1.4000
07.01.2014 00:17:49.558,1.48824,1.48624,1.5000,1.8100
07.01.2014 00:17:50.990,1.48824,1.48624,1.5300,2.0900
07.01.2014 00:17:52.415,1.48823,1.48623,1.6000,2.5800
07.01.2014 00:17:53.695,1.48825,1.48625,2.4700,2.4900
07.01.2014 00:17:55.108,1.48826,1.48626,2.6000,2.9400
07.01.2014 00:17:56.545,1.48827,1.48627,2.2500,1.8700
07.01.2014 00:17:58.016,1.48828,1.48628,1.3000,2.1000
07.01.2014 00:17:59.388,1.48829,1.48629,1.5000,2.0500
07.01.2014 00:18:00.692,1.48826,1.48626,2.1100,2.1800
07.01.2014 00:18:02.246,1.48826,1.48626,2.0300,2.5000
07.01.2014 00:18:03.746,1.48828,1.48628,1.3000,2.1700
07.01.2014 00:18:05.264,1.48828,1.48628,1.8900,2.5800
07.01.2014 00:18:06.695,1.48826,1.48626,2.0200,1.6100
07.01.2014 00:18:08.018,1.48829,1.48629,1.9700,1.8300
07.01.2014 00:18:09.550,1.48830,1.48630,2.9200,2.1800
07.01.2014 00:18:10.993,1.48832,1.48632,2.0200,2.4900
07.01.2014 00:18:12.396,1.48833,1.48633,1.3700,1.5800
07.01.2014 00:18:13.938,1.48833,1.48633,2.2000,2.5100
07.01.2014 00:18:15.449,1.48832,1.48632,2.2600,2.5800
07.01.2014 00:18:16.746,1.48831,1.48631,2.1300,1.3600
07.01.2014 00:18:18.095,1.48831,1.48631,2.6400,2.0400
07.01.2014 00:18:19.286,1.48832,1.48632,2.8100,1.0500
07.01.2014 00:18:20.625,1.48833,1.48633,1.1400,2.7400
07.01.2014 00:18:21.919,1.48831,1.48631,2.1300,1.0800
07.01.2014 00:18:23.256,1.48830,1.48630,1.7200,2.8200
07.01.2014 00:18:24.710,1.48829,1.48629,2.3900,2.7200
07.01.2014 00:18:25.983,1.48826,1.48626,1.3000,1.1500
07.01.2014 00:18:27.361,1.48824,1.48624,1.0400,1.5500
07.01.2014 00:18:28.850,1.48824,1.48624,1.0000,1.2900
07.01.2014 00:18:30.064,1.48823,1.48623,2.1200,1.2600
07.01.2014 00:18:31.363,1.48823,1.48623,1.3500,2.8800
07.01.2014 00:18:32.863,1.48824,1.48624,1.5500,1.9200
07.01.2014 00:18:34.384,1.48825,1.48625,1.8700,1.1800
07.01.2014 00:18:35.737,1.48824,1.48624,1.6200,1.6800
07.01.2014 00:18:37.142,1.48823,1.48623,1.4000,1.7600
07.01.2014 00:18:38.609,1.48825,1.48625,1.6700,1.4700
07.01.2014 00:18:40.099,1.48824,1.48624,2.1200,1.5900
07.01.2014 00:18:41.533,1.48824,1.48624,1.7100,2.1300
07.01.2014 00:18:43.012,1.48823,1.48623,1.9100,2.2100
07.01.2014 00:18:44.292,1.48824,1.48624,1.4300,2.7500
07.01.2014 00:18:45.532,1.48827,1.48627,1.2600,1.4900
07.01.2014 00:18:46.964,1.48826,1.48626,1.3800,2.1100
07.01.2014 00:18:48.190,1.48829,1.48629,2.9700,2.5900
07.01.2014 00:18:49.701,1.48830,1.48630,1.8800,1.2200
07.01.2014 00:18:51.001,1.48828,1.48628,1.8300,1.0700
07.01.2014 00:18:52.379,1.48829,1.48629,1.3500,2.4700
07.01.2014 00:18:53.896,1.48827,1.48627,2.3900,2.1400
07.01.2014 00:18:55.317,1.48826,1.48626,1.5100,2.3600
07.01.2014 00:18:56.764,1.48826,1.48626,2.7400,2.7300
07.01.2014 00:18:57.962,1.48826,1.48626,1.0400,1.5400
07.01.2014 00:18:59.540,1.48826,1.48626,1.8800,2.8100
07.01.2014 00:19:00.959,1.48827,1.48627,1.2100,1.2600
07.01.2014 00:19:02.459,1.48828,1.48628,1.6300,2.8200
07.01.2014 00:19:03.822,1.48829,1.48629,2.5800,1.1800
07.01.2014 00:19:05.101,1.48829,1.48629,1.1900,1.3500
07.01.2014 00:19:06.435,1.48828,1.48628,2.0500,1.1200
07.01.2014 00:19:07.800,1.48831,1.48631,2.8600,2.5600
07.01.2014 00:19:09.078,1.48831,1.48631,2.7200,1.6000
07.01.2014 00:19:10.315,1.48833,1.48633,1.1200,1.1600
07.01.2014 00:19:11.694,1.48833,1.48633,1.6300,2.8000
07.01.2014 00:19:13.156,1.48835,1.48635,1.4100,2.7300
07.01.2014 00:19:14.568,1.48836,1.48636,2.9500,2.8100
07.01.2014 00:19:15.944,1.48835,1.48635,1.2500,2.9000
07.01.2014 00:19:17.306,1.48834,1.48634,1.6100,2.6800
07.01.2014 00:19:18.827,1.48831,1.48631,1.0400,2.6500
07.01.2014 00:19:20.054,1.48830,1.48630,1.5200,1.9800
07.01.2014 00:19:21.496,1.48833,1.48633,2.8800,1.7900
07.01.2014 00:19:22.766,1.48833,1.48633,2.1500,1.6100
07.01.2014 00:19:24.332,1.48833,1.48633,2.1500,2.2000
07.01.2014 00:19:25.798,1.48831,1.48631,1.6600,1.4900
07.01.2014 00:19:27.197,1.48829,1.48629,1.3500,2.7900
07.01.2014 00:19:28.557,1.48827,1.48627,1.2800,1.1100
07.01.2014 00:19:29.964,1.48829,1.48629,1.4800,2.8800
07.01.2014 00:19:31.259,1.48828,1.48628,1.1300,2.7000
07.01.2014 00:19:32.535,1.48827,1.48627,1.7600,2.0000
07.01.2014 00:19:33.771,1.48827,1.48627,1.8200,2.7600
07.01.2014 00:19:35.076,1.48828,1.48628,1.0600,2.2400
07.01.2014 00:19:36.438,1.48829,1.48629,2.0100,1.7400
07.01.2014 00:19:37.960,1.48826,1.48626,1.8900,2.4300
07.01.2014 00:19:39.488,1.48825,1.48625,2.3700,1.4400
07.01.2014 00:19:40.929,1.48824,1.48624,1.3600,2.9500
07.01.2014 00:19:42.291,1.48826,1.48626,2.8900,1.7100
07.01.2014 00:19:43.712,1.48829,1.48629,2.5400,2.6700
07.01.2014 00:19:45.341,1.48830,1.48630,1.3300,1.3800
07.01.2014 00:19:46.829,1.48828,1.48628,1.2000,1.0900
07.01.2014 00:19:48.342,1.48831,1.48631,2.1700,2.9600
07.01.2014 00:19:49.748,1.48830,1.48630,1.5300,1.2900
07.01.2014 00:19:51.087,1.48833,1.48633,2.0400,1.3100
07.01.2014 00:19:52.479,1.48832,1.48632,1.7700,2.6400
07.01.2014 00:19:53.907,1.48832,1.48632,1.1400,2.6300
07.01.2014 00:19:55.376,1.48831,1.48631,1.1700,1.6200
07.01.2014 00:19:56.556,1.48832,1.48632,2.8400,1.0600
07.01.2014 00:19:57.837,1.48832,1.48632,2.6600,2.3600
07.01.2014 00:19:59.231,1.48829,1.48629,1.8300,2.3500
07.01.2014 00:20:00.695,1.48832,1.48632,1.3600,2.0400
07.01.2014 00:20:02.066,1.48832,1.48632,1.0900,2.5600
07.01.2014 00:20:03.419,1.48833,1.48633,1.3300,2.4600
07.01.2014 00:20:04.813,1.48834,1.48634,1.5500,1.9300
07.01.2014 00:20:06.311,1.48833,1.48633,2.9600,1.8400
07.01.2014 00:20:07.782,1.48832,1.48632,1.8600,2.9700
07.01.2014 00:20:09.097,1.48830,1.48630,1.8000,2.2200
07.01.2014 00:20:10.439,1.48829,1.48629,1.7900,1.5000
07.01.2014 00:20:11.883,1.48828,1.48628,2.0700,2.1800
07.01.2014 00:20:13.190,1.48828,1.48628,2.1100,2.0200
07.01.2014 00:20:14.584,1.48830,1.48630,1.1400,1.5600
07.01.2014 00:20:16.045,1.48831,1.48631,1.7100,2.8500
07.01.2014 00:20:17.453,1.48830,1.48630,1.0300,1.1300
07.01.2014 00:20:18.779,1.48829,1.48629,2.7200,2.8100
07.01.2014 00:20:20.131,1.48827,1.48627,1.8700,2.1700
07.01.2014 00:20:21.522,1.48827,1.48627,1.7300,2.8200
07.01.2014 00:20:22.959,1.48827,1.48627,2.4500,1.7900
07.01.2014 00:20:24.566,1.48830,1.48630,2.0200,1.9500
07.01.2014 00:20:25.940,1.48830,1.48630,1.2400,2.1900
07.01.2014 00:20:27.424,1.48831,1.48631,2.7000,2.4600
07.01.2014 00:20:29.050,1.48831,1.48631,2.0000,1.8300
07.01.2014 00:20:30.478,1.48831,1.48631,2.9900,2.4700
07.01.2014 00:20:31.700,1.48831,1.48631,1.0300,1.7300
07.01.2014 00:20:33.139,1.48830,1.48630,2.8500,1.2700
07.01.2014 00:20:34.456,1.48829,1.48629,1.1600,2.8700
07.01.2014 00:20:35.573,1.48831,1.48631,1.8900,1.6300
07.01.2014 00:20:36.985,1.48833,1.48633,2.4500,2.9200
07.01.2014 00:20:38.297,1.48832,1.48632,1.9700,2.6400
07.01.2014 00:20:39.594,1.48831,1.48631,1.8200,2.8100
07.01.2014 00:20:40.995,1.48832,1.48632,1.3500,1.4800
07.01.2014 00:20:42.611,1.48831,1.48631,1.7300,1.8000
07.01.2014 00:20:43.959,1.48829,1.48629,1.3000,2.1100
07.01.2014 00:20:45.315,1.48828,1.48628,1.7800,2.2500
07.01.2014 00:20:46.618,1.48828,1.48628,2.1500,1.9800
07.01.2014 00:20:47.894,1.48828,1.48628,2.3200,2.0400
07.01.2014 00:20:49.504,1.48827,1.48627,2.8600,1.2000
07.01.2014 00:20:50.946,1.48828,1.48628,2.3300,2.3000
07.01.2014 00:20:52.208,1.48826,1.48626,2.9600,1.9400
07.01.2014 00:20:53.600,1.48824,1.48624,1.6200,2.3300
07.01.2014 00:20:55.118,1.48825,1.48625,1.7500,2.3600
07.01.2014 00:20:56.391,1.48828,1.48628,2.6800,2.4300
07.01.2014 00:20:57.592,1.48826,1.48626,1.8900,1.7200
07.01.2014 00:20:59.081,1.48827,1.48627,2.3300,2.9600
07.01.2014 00:21:00.529,1.48826,1.48626,2.6000,1.6000
07.01.2014 00:21:01.829,1.48829,1.48629,1.2800,1.6400
07.01.2014 00:21:03.193,1.48828,1.48628,2.8200,1.8700
07.01.2014 00:21:04.679,1.48826,1.48626,2.5800,1.3400
07.01.2014 00:21:06.171,1.48826,1.48626,1.5200,1.6300
07.01.2014 00:21:07.499,1.48826,1.48626,1.5600,2.3200
07.01.2014 00:21:08.893,1.48827,1.48627,2.3100,2.9000
07.01.2014 00:21:10.130,1.48827,1.48627,1.9300,2.7700
07.01.2014 00:21:11.690,1.48825,1.48625,2.3200,2.3800
07.01.2014 00:21:13.280,1.48828,1.48628,1.7500,1.5900
07.01.2014 00:21:14.600,1.48830,1.48630,1.9900,1.9100
07.01.2014 00:21:15.862,1.48830,1.48630,2.4800,2.3600
07.01.2014 00:21:16.993,1.48831,1.48631,2.4600,1.9300
07.01.2014 00:21:18.498,1.48831,1.48631,2.0600,2.7900
07.01.2014 00:21:20.031,1.48833,1.48633,1.2000,1.3400
07.01.2014 00:21:21.737,1.48835,1.48635,1.3700,1.2000
07.01.2014 00:21:23.219,1.48835,1.48635,1.8100,2.7700
07.01.2014 00:21:24.558,1.48832,1.48632,2.2600,1.1800
07.01.2014 00:21:26.024,1.48832,1.48632,2.3200,1.1800
07.01.2014 00:21:27.517,1.48828,1.48628,2.4800,1.7800
07.01.2014 00:21:28.897,1.48827,1.48627,1.4400,1.4200
07.01.2014 00:21:30.367,1.48829,1.48629,1.5900,1.6300
07.01.2014 00:21:31.726,1.48832,1.48632,1.6900,2.6800
07.01.2014 00:21:33.038,1.48832,1.48632,2.6500,2.6900
07.01.2014 00:21:34.556,1.48833,1.48633,1.5100,1.4900
07.01.2014 00:21:35.938,1.48830,1.48630,1.8700,1.8800
07.01.2014 00:21:37.394,1.48830,1.48630,1.4300,2.0900
07.01.2014 00:21:38.837,1.48830,1.48630,2.9900,2.3100
07.01.2014 00:21:40.082,1.48828,1.48628,1.9100,1.7300
07.01.2014 00:21:41.512,1.48829,1.48629,1.1200,1.0800
07.01.2014 00:21:42.919,1.48828,1.48628,1.8800,1.2700
07.01.2014 00:21:44.359,1.48830,1.48630,1.7500,2.6500
07.01.2014 00:21:45.733,1.48832,1.48632,1.4500,3.0000
07.01.2014 00:21:47.258,1.48833,1.48633,1.5500,1.2900
07.01.2014 00:21:48.631,1.48829,1.48629,1.9800,2.5300
07.01.2014 00:21:49.921,1.48830,1.48630,2.6000,2.6000
07.01.2014 00:21:51.463,1.48830,1.48630,2.4900,1.7200
07.01.2014 00:21:53.040,1.48829,1.48629,2.6400,2.4300
07.01.2014 00:21:54.321,1.48830,1.48630,1.6500,2.1000
07.01.2014 00:21:55.513,1.48833,1.48633,1.0400,1.8500
07.01.2014 00:21:56.877,1.48832,1.48632,2.3100,2.9900
07.01.2014 00:21:58.132,1.48833,1.48633,1.0800,2.7200
07.01.2014 00:21:59.500,1.48832,1.48632,2.4300,2.7100
07.01.2014 00:22:00.968,1.48833,1.48633,1.0400,1.9900
07.01.2014 00:22:02.427,1.48832,1.48632,1.5300,2.5400
07.01.2014 00:22:03.843,1.48832,1.48632,1.5100,1.2800
07.01.2014 00:22:05.268,1.48832,1.48632,1.7600,1.6700
07.01.2014 00:22:06.570,1.48831,1.48631,2.0600,2.5400
07.01.2014 00:22:07.759,1.48829,1.48629,1.8600,1.2600
07.01.2014 00:22:09.134,1.48827,1.48627,2.1300,1.9000
07.01.2014 00:22:10.586,1.48827,1.48627,2.1600,1.0200
07.01.2014 00:22:12.108,1.48829,1.48629,2.8000,2.5000
07.01.2014 00:22:13.525,1.48829,1.48629,2.2300,1.1900
07.01.2014 00:22:14.998,1.48829,1.48629,1.3900,2.6700
07.01.2014 00:22:16.363,1.48830,1.48630,2.6100,2.2300
07.01.2014 00:22:17.718,1.48830,1.48630,1.5600,2.3200
07.01.2014 00:22:19.121,1.48830,1.48630,2.4600,1.7600
07.01.2014 00:22:20.642,1.48831,1.48631,2.6000,1.0300
07.01.2014 00:22:21.889,1.48828,1.48628,1.4100,1.8700
07.01.2014 00:22:23.204,1.48826,1.48626,2.3100,1.6800
07.01.2014 00:22:24.595,1.48827,1.48627,2.3100,2.9200
07.01.2014 00:22:25.978,1.48825,1.48625,1.4200,1.7900
07.01.2014 00:22:27.296,1.48827,1.48627,1.7900,1.9700
07.01.2014 00:22:28.733,1.48827,1.48627,1.8700,1.9200
07.01.2014 00:22:30.033,1.48827,1.48627,2.4100,1.2100
07.01.2014 00:22:31.405,1.48826,1.48626,2.2000,1.3700
07.01.2014 00:22:32.900,1.48826,1.48626,2.5200,2.9500
07.01.2014 00:22:34.343,1.48825,1.48625,2.6700,1.9100
07.01.2014 00:22:35.906,1.48825,1.48625,1.1000,2.5400
07.01.2014 00:22:37.317,1.48828,1.48628,1.3800,1.2300
07.01.2014 00:22:38.711,1.48828,1.48628,2.0100,2.8100
07.01.2014 00:22:40.156,1.48829,1.48629,2.9200,1.6300
07.01.2014 00:22:41.521,1.48831,1.48631,2.5500,2.0700
07.01.2014 00:22:42.869,1.48830,1.48630,1.5200,1.6900
07.01.2014 00:22:44.170,1.48828,1.48628,2.8400,2.3900
07.01.2014 00:22:45.409,1.48828,1.48628,2.2100,1.5200
07.01.2014 00:22:46.832,1.48827,1.48627,1.5400,2.5200
07.01.2014 00:22:48.319,1.48826,1.48626,1.4600,2.5400
07.01.2014 00:22:49.739,1.48826,1.48626,1.0900,1.4900
07.01.2014 00:22:51.123,1.48824,1.48624,2.3400,2.2800
07.01.2014 00:22:52.564,1.48823,1.48623,1.3100,2.1200
07.01.2014 00:22:53.860,1.48820,1.48620,2.1200,1.7400
07.01.2014 00:22:55.254,1.48820,1.48620,2.4100,2.5900
07.01.2014 00:22:56.598,1.48820,1.48620,2.0500,1.4000
07.01.2014 00:22:58.019,1.48820,1.48620,2.0900,2.1300
07.01.2014 00:22:59.440,1.48825,1.48625,2.4500,1.3000
07.01.2014 00:23:00.832,1.48825,1.48625,2.6400,1.1500
07.01.2014 00:23:02.309,1.48823,1.48623,1.4700,2.6900
07.01.2014 00:23:03.713,1.48825,1.48625,2.6300,1.6100
07.01.2014 00:23:05.059,1.48826,1.48626,2.0700,1.5900
07.01.2014 00:23:06.574,1.48823,1.48623,2.4200,2.2700
07.01.2014 00:23:07.997,1.48826,1.48626,2.4000,2.5500
07.01.2014 00:23:09.467,1.48825,1.48625,2.7200,2.1900
07.01.2014 00:23:11.024,1.48827,1.48627,1.9700,1.7300
07.01.2014 00:23:12.214,1.48828,1.48628,2.0300,2.8100
07.01.2014 00:23:13.695,1.48828,1.48628,2.2200,2.3900
07.01.2014 00:23:14.947,1.48825,1.48625,2.9500,1.6000
07.01.2014 00:23:16.256,1.48825,1.48625,2.6100,1.4100
07.01.2014 00:23:17.799,1.48825,1.48625,2.9100,1.6100
07.01.2014 00:23:19.091,1.48826,1.48626,2.7800,2.3400
07.01.2014 00:23:20.542,1.48823,1.48623,1.9900,1.2700
07.01.2014 00:23:21.961,1.48824,1.48624,2.9400,1.6900
07.01.2014 00:23:23.256,1.48824,1.48624,2.7600,2.0300
07.01.2014 00:23:24.494,1.48823,1.48623,2.4300,2.4500
07.01.2014 00:23:25.880,1.48824,1.48624,1.6500,1.8000
07.01.2014 00:23:27.330,1.48826,1.48626,1.0500,1.2300
07.01.2014 00:23:28.603,1.48824,1.48624,2.6400,2.4200
07.01.2014 00:23:30.005,1.48828,1.48628,1.0500,1.9200
07.01.2014 00:23:31.279,1.48827,1.48627,2.2300,1.8800
07.01.2014 00:23:32.728,1.48830,1.48630,2.7600,2.4400
07.01.2014 00:23:34.306,1.48830,1.48630,1.6800,3.0000
07.01.2014 00:23:35.696,1.48829,1.48629,1.9900,2.2600
07.01.2014 00:23:37.087,1.48826,1.48626,1.0200,2.3500
07.01.2014 00:23:38.515,1.48828,1.48628,1.8500,2.7600
07.01.2014 00:23:40.102,1.48827,1.48627,2.5500,2.0800
07.01.2014 00:23:41.576,1.48827,1.48627,2.8000,2.5300
07.01.2014 00:23:42.836,1.48826,1.48626,2.9300,1.4900
07.01.2014 00:23:44.427,1.48824,1.48624,1.8600,2.4200
07.01.2014 00:23:45.636,1.48824,1.48624,2.1300,1.2200
07.01.2014 00:23:47.185,1.48822,1.48622,2.3300,2.1100
07.01.2014 00:23:48.649,1.48822,1.48622,1.6800,1.9700
07.01.2014 00:23:49.961,1.48824,1.48624,2.4600,1.4900
07.01.2014 00:23:51.347,1.48824,1.48624,1.4100,2.6500
07.01.2014 00:23:52.702,1.48823,1.48623,2.6300,2.5800
07.01.2014 00:23:54.147,1.48825,1.48625,1.1200,1.0800
07.01.2014 00:23:55.491,1.48824,1.48624,1.9200,2.2300
07.01.2014 00:23:56.828,1.48825,1.48625,1.5400,2.1700
07.01.2014 00:23:58.169,1.48827,1.48627,1.6400,1.4400
07.01.2014 00:23:59.747,1.48826,1.48626,1.4700,2.0300
07.01.2014 00:24:01.071,1.48829,1.48629,1.0300,1.2700
07.01.2014 00:24:02.518,1.48828,1.48628,1.0300,2.6500
07.01.2014 00:24:03.846,1.48827,1.48627,1.9200,1.7800
07.01.2014 00:24:05.202,1.48825,1.48625,1.8800,1.4400
07.01.2014 00:24:06.446,1.48824,1.48624,1.2800,2.2800
07.01.2014 00:24:07.717,1.48823,1.48623,2.5400,2.6000
07.01.2014 00:24:09.176,1.48824,1.48624,2.8500,1.8300
07.01.2014 00:24:10.647,1.48824,1.48624,1.8600,2.8600
07.01.2014 00:24:12.066,1.48828,1.48628,2.4500,1.1800
07.01.2014 00:24:13.451,1.48828,1.48628,1.9800,1.7400
07.01.2014 00:24:14.963,1.48827,1.48627,2.6300,2.7100
07.01.2014 00:24:16.300,1.48829,1.48629,1.3500,2.0000
07.01.2014 00:24:17.659,1.48825,1.48625,2.5100,1.2400
07.01.2014 00:24:19.149,1.48823,1.48623,2.3900,2.8300
07.01.2014 00:24:20.402,1.48821,1.48621,2.5900,1.3100
07.01.2014 00:24:21.836,1.48823,1.48623,1.7600,2.1000
07.01.2014 00:24:23.298,1.48824,1.48624,2.6600,2.4200
07.01.2014 00:24:24.605,1.48824,1.48624,2.7300,2.5000
07.01.2014 00:24:26.113,1.48828,1.48628,2.2900,1.3000
07.01.2014 00:24:27.487,1.48828,1.48628,2.3000,1.3300
07.01.2014 00:24:28.829,1.48828,1.48628,1.5400,2.2000
07.01.2014 00:24:29.917,1.48827,1.48627,1.2700,1.6800
07.01.2014 00:24:31.322,1.48826,1.48626,1.3800,2.7800
07.01.2014 00:24:32.771,1.48828,1.48628,2.6300,2.7700
07.01.2014 00:24:34.229,1.48828,1.48628,2.1800,2.6700
07.01.2014 00:24:35.540,1.48826,1.48626,1.4900,2.7100
07.01.2014 00:24:36.897,1.48826,1.48626,1.3000,1.6200
07.01.2014 00:24:38.241,1.48829,1.48629,1.3400,2.3900
07.01.2014 00:24:39.713,1.48828,1.48628,2.2600,2.7200
07.01.2014 00:24:41.063,1.48829,1.48629,1.3200,2.9300
07.01.2014 00:24:42.466,1.48830,1.48630,2.1400,2.6300
07.01.2014 00:24:43.798,1.48833,1.48633,1.1400,1.5600
07.01.2014 00:24:45.105,1.48831,1.48631,1.5900,2.2400
07.01.2014 00:24:46.596,1.48833,1.48633,2.3700,1.8500
07.01.2014 00:24:47.920,1.48835,1.48635,2.5600,2.3100
07.01.2014 00:24:49.234,1.48834,1.48634,1.7700,2.5400
07.01.2014 00:24:50.721,1.48833,1.48633,1.4900,2.9700
07.01.2014 00:24:52.257,1.48832,1.48632,2.3900,1.4600
07.01.2014 00:24:53.826,1.48830,1.48630,1.3300,2.3600
07.01.2014 00:24:55.259,1.48830,1.48630,2.1600,2.5900
07.01.2014 00:24:56.550,1.48829,1.48629,1.6500,2.4700
07.01.2014 00:24:57.884,1.48831,1.48631,1.4200,1.8100
07.01.2014 00:24:59.094,1.48833,1.48633,2.1000,2.3400
07.01.2014 00:25:00.613,1.48834,1.48634,2.4000,2.5700
07.01.2014 00:25:02.060,1.48838,1.48638,1.0600,1.3500
07.01.2014 00:25:03.351,1.48838,1.48638,2.2300,1.9200
07.01.2014 00:25:04.606,1.48836,1.48636,2.9000,1.0800
07.01.2014 00:25:05.992,1.48836,1.48636,1.2200,1.1200
07.01.2014 00:25:07.452,1.48837,1.48637,1.9100,2.4200
07.01.2014 00:25:09.009,1.48838,1.48638,2.1300,2.6500
07.01.2014 00:25:10.490,1.48841,1.48641,2.5600,1.4500
07.01.2014 00:25:11.999,1.48841,1.48641,1.2900,1.7600
07.01.2014 00:25:13.566,1.48839,1.48639,1.1200,1.1700
07.01.2014 00:25:14.963,1.48838,1.48638,2.0500,2.0400
07.01.2014 00:25:16.350,1.48836,1.48636,2.6700,2.4400
07.01.2014 00:25:17.924,1.48834,1.48634,1.0000,2.6800
07.01.2014 00:25:19.386,1.48834,1.48634,2.5500,2.8400
07.01.2014 00:25:20.665,1.48833,1.48633,2.3400,2.8800
07.01.2014 00:25:22.087,1.48830,1.48630,2.3100,1.2100
07.01.2014 00:25:23.331,1.48830,1.48630,1.1800,2.4600
07.01.2014 00:25:24.644,1.48831,1.48631,1.3400,2.7100
07.01.2014 00:25:26.098,1.48831,1.48631,1.1800,2.7600
07.01.2014 00:25:27.557,1.48832,1.48632,1.6700,2.7900
07.01.2014 00:25:28.839,1.48832,1.48632,1.3600,1.7400
07.01.2014 00:25:30.248,1.48831,1.48631,2.1300,2.6000
07.01.2014 00:25:31.667,1.48831,1.48631,2.4100,2.8000
07.01.2014 00:25:33.049,1.48829,1.48629,1.7700,2.4700
07.01.2014 00:25:34.431,1.48827,1.48627,1.4800,2.6400
07.01.2014 00:25:35.926,1.48828,1.48628,1.1300,1.2200
07.01.2014 00:25:37.439,1.48831,1.48631,2.6800,2.9400
07.01.2014 00:25:38.826,1.48832,1.48632,2.3300,2.2600
07.01.2014 00:25:40.116,1.48834,1.48634,1.4300,2.9300
07.01.2014 00:25:41.485,1.48834,1.48634,2.2800,2.7200
07.01.2014 00:25:42.828,1.48836,1.48636,2.5400,2.9800
07.01.2014 00:25:44.184,1.48835,1.48635,1.0700,1.3400
07.01.2014 00:25:45.417,1.48832,1.48632,1.1400,2.0700
07.01.2014 00:25:46.797,1.48831,1.48631,1.2600,1.3700
07.01.2014 00:25:48.160,1.48831,1.48631,1.6300,1.9200
07.01.2014 00:25:49.596,1.48829,1.48629,1.6300,1.6000
07.01.2014 00:25:51.122,1.48831,1.48631,1.9100,1.0800
07.01.2014 00:25:52.542,1.48829,1.48629,2.6100,1.3000
07.01.2014 00:25:53.948,1.48828,1.48628,1.6500,2.3000
07.01.2014 00:25:55.385,1.48830,1.48630,2.8100,1.3900
07.01.2014 00:25:56.812,1.48830,1.48630,2.9000,1.0400
07.01.2014 00:25:58.238,1.48832,1.48632,2.8400,2.6600
07.01.2014 00:25:59.817,1.48836,1.48636,2.5300,2.2900
07.01.2014 00:26:01.231,1.48837,1.48637,1.3200,1.5400
07.01.2014 00:26:02.632,1.48839,1.48639,1.9800,2.4500
07.01.2014 00:26:04.023,1.48836,1.48636,1.4900,1.3300
07.01.2014 00:26:05.547,1.48834,1.48634,2.0100,1.2000
07.01.2014 00:26:07.088,1.48834,1.48634,2.1000,1.9000
07.01.2014 00:26:08.621,1.48833,1.48633,1.3300,1.2000
07.01.2014 00:26:09.889,1.48833,1.48633,1.9100,2.6600
07.01.2014 00:26:11.307,1.48832,1.48632,1.2900,1.8500
07.01.2014 00:26:12.738,1.48830,1.48630,2.5400,2.6700
07.01.2014 00:26:14.098,1.48830,1.48630,2.8800,1.6100
07.01.2014 00:26:15.584,1.48832,1.48632,1.4100,1.6200
07.01.2014 00:26:16.993,1.48833,1.48633,1.2500,1.1300
07.01.2014 00:26:18.377,1.48831,1.48631,1.6100,2.7000
07.01.2014 00:26:19.758,1.48831,1.48631,2.2000,2.0800
07.01.2014 00:26:21.108,1.48830,1.48630,1.9600,1.5100
07.01.2014 00:26:22.573,1.48827,1.48627,1.4800,2.8500
07.01.2014 00:26:23.956,1.48829,1.48629,2.2600,2.8000
07.01.2014 00:26:25.267,1.48826,1.48626,2.6000,1.8600
07.01.2014 00:26:26.701,1.48827,1.48627,2.4900,2.6500
07.01.2014 00:26:28.077,1.48824,1.48624,1.0300,1.3100
07.01.2014 00:26:29.495,1.48827,1.48627,1.4600,2.3700
07.01.2014 00:26:30.945,1.48825,1.48625,2.8500,1.9900
07.01.2014 00:26:32.485,1.48823,1.48623,2.2400,2.4600
07.01.2014 00:26:33.969,1.48822,1.48622,2.7800,2.5700
07.01.2014 00:26:35.279,1.48822,1.48622,1.5600,2.5500
07.01.2014 00:26:36.624,1.48821,1.48621,2.3400,1.3200
07.01.2014 00:26:38.170,1.48820,1.48620,2.1500,2.5000
07.01.2014 00:26:39.664,1.48819,1.48619,2.8600,1.5600
07.01.2014 00:26:40.976,1.48819,1.48619,1.9600,1.9900
07.01.2014 00:26:42.210,1.48817,1.48617,1.8100,2.8800
07.01.2014 00:26:43.658,1.48819,1.48619,1.1200,2.6300
07.01.2014 00:26:45.176,1.48817,1.48617,1.7800,2.8900
07.01.2014 00:26:46.500,1.48820,1.48620,2.0500,1.9000
07.01.2014 00:26:48.017,1.48816,1.48616,2.0300,2.2400
07.01.2014 00:26:49.460,1.48816,1.48616,1.6100,1.6100
07.01.2014 00:26:50.711,1.48817,1.48617,1.6000,1.9300
07.01.2014 00:26:52.162,1.48820,1.48620,3.0000,1.8200
07.01.2014 00:26:53.576,1.48817,1.48617,2.1300,1.6900
07.01.2014 00:26:54.946,1.48819,1.48619,1.9800,2.0800
07.01.2014 00:26:56.316,1.48819,1.48619,1.9100,2.4000
07.01.2014 00:26:57.748,1.48817,1.48617,2.6000,1.9900
07.01.2014 00:26:59.152,1.48818,1.48618,2.8400,1.8000
07.01.2014 00:27:00.547,1.48818,1.48618,1.8100,1.4900
07.01.2014 00:27:02.002,1.48820,1.48620,1.7600,1.3900
07.01.2014 00:27:03.470,1.48819,1.48619,2.5000,2.2200
07.01.2014 00:27:04.771,1.48819,1.48619,1.9300,2.1600
07.01.2014 00:27:06.324,1.48822,1.48622,1.8600,2.3400
07.01.2014 00:27:07.538,1.48824,1.48624,2.7800,1.5000
07.01.2014 00:27:08.963,1.48824,1.48624,2.3400,1.1600
07.01.2014 00:27:10.316,1.48825,1.48625,2.7100,2.9700
07.01.2014 00:27:11.751,1.48823,1.48623,2.4300,1.9900
07.01.2014 00:27:13.053,1.48824,1.48624,2.6400,2.3700
07.01.2014 00:27:14.442,1.48824,1.48624,2.6500,1.0100
07.01.2014 00:27:15.869,1.48823,1.48623,2.3600,1.1700
07.01.2014 00:27:17.356,1.48823,1.48623,1.4500,1.7300
07.01.2014 00:27:18.630,1.48823,1.48623,1.8300,1.0800
07.01.2014 00:27:19.976,1.48825,1.48625,2.9600,2.9300
07.01.2014 00:27:21.387,1.48826,1.48626,1.8500,1.1800
07.01.2014 00:27:22.751,1.48826,1.48626,1.5500,1.2500
07.01.2014 00:27:24.094,1.48825,1.48625,2.5000,1.1100
07.01.2014 00:27:25.417,1.48825,1.48625,2.4200,2.2800
07.01.2014 00:27:26.774,1.48824,1.48624,1.4200,2.1000
07.01.2014 00:27:28.348,1.48827,1.48627,2.0100,1.4500
07.01.2014 00:27:29.801,1.48824,1.48624,1.1100,2.4600
07.01.2014 00:27:31.260,1.48826,1.48626,2.7900,2.4800
07.01.2014 00:27:32.697,1.48827,1.48627,2.7500,2.8600
07.01.2014 00:27:34.046,1.48827,1.48627,2.0800,1.3800
07.01.2014 00:27:35.333,1.48827,1.48627,2.1000,2.9200
07.01.2014 00:27:36.748,1.48826,1.48626,1.7500,1.7800
07.01.2014 00:27:38.092,1.48827,1.48627,2.9300,2.0100
07.01.2014 00:27:39.603,1.48829,1.48629,1.1800,1.6300
07.01.2014 00:27:40.866,1.48830,1.48630,1.7500,1.4200
07.01.2014 00:27:42.358,1.48832,1.48632,1.6700,2.0600
07.01.2014 00:27:43.671,1.48829,1.48629,1.9300,2.9700
07.01.2014 00:27:45.131,1.48830,1.48630,2.0900,1.0600
07.01.2014 00:27:46.382,1.48829,1.48629,2.6700,2.5900
07.01.2014 00:27:47.711,1.48828,1.48628,1.6600,1.4000
07.01.2014 00:27:48.906,1.48830,1.48630,1.0600,1.0500
07.01.2014 00:27:50.289,1.48829,1.48629,2.7100,1.1500
07.01.2014 00:27:51.571,1.48827,1.48627,1.9700,2.1200
07.01.2014 00:27:52.964,1.48825,1.48625,2.1600,2.3600
07.01.2014 00:27:54.329,1.48826,1.48626,2.7000,1.8200
07.01.2014 00:27:55.725,1.48825,1.48625,1.1900,2.3300
07.01.2014 00:27:57.218,1.48824,1.48624,2.6600,1.4000
07.01.2014 00:27:58.548,1.48824,1.48624,1.8700,2.7400
07.01.2014 00:27:59.910,1.48824,1.48624,2.1500,1.4900
07.01.2014 00:28:01.180,1.48823,1.48623,2.6400,1.8500
07.01.2014 00:28:02.686,1.48823,1.48623,1.3400,1.0300
07.01.2014 00:28:04.196,1.48821,1.48621,1.8200,1.7700
07.01.2014 00:28:05.564,1.48821,1.48621,1.2300,2.9400
07.01.2014 00:28:06.941,1.48818,1.48618,2.3900,1.5300
07.01.2014 00:28:08.437,1.48815,1.48615,2.4400,1.8800
07.01.2014 00:28:09.812,1.48814,1.48614,2.5300,1.1900
07.01.2014 00:28:11.335,1.48810,1.48610,2.4800,1.7000
07.01.2014 00:28:12.779,1.48810,1.48610,2.0800,1.5100
07.01.2014 00:28:14.055,1.48810,1.48610,2.7400,2.9500
07.01.2014 00:28:15.559,1.48813,1.48613,1.6800,2.5000
07.01.2014 00:28:16.934,1.48813,1.48613,1.6300,1.0100
07.01.2014 00:28:18.241,1.48814,1.48614,2.8500,1.2800
07.01.2014 00:28:19.677,1.48817,1.48617,1.1500,1.3600
07.01.2014 00:28:21.155,1.48818,1.48618,2.5500,2.6200
07.01.2014 00:28:22.609,1.48818,1.48618,2.4700,2.2900
07.01.2014 00:28:24.039,1.48815,1.48615,2.5200,1.5000
07.01.2014 00:28:25.514,1.48814,1.48614,1.8600,2.1600
07.01.2014 00:28:26.942,1.48816,1.48616,2.4400,2.0500
07.01.2014 00:28:28.368,1.48816,1.48616,1.1800,1.5200
07.01.2014 00:28:29.801,1.48815,1.48615,1.8800,2.3100
07.01.2014 00:28:31.225,1.48816,1.48616,2.7400,1.8600
07.01.2014 00:28:32.616,1.48816,1.48616,2.8800,2.1500
07.01.2014 00:28:33.932,1.48815,1.48615,1.0400,1.5500
07.01.2014 00:28:35.236,1.48814,1.48614,1.3200,1.5200
07.01.2014 00:28:36.513,1.48814,1.48614,2.0300,1.9000
07.01.2014 00:28:37.760,1.48813,1.48613,1.9600,2.0600
07.01.2014 00:28:39.073,1.48812,1.48612,2.9500,1.9500
07.01.2014 00:28:40.320,1.48812,1.48612,2.9500,2.4600
07.01.2014 00:28:41.743,1.48815,1.48615,1.4300,1.0900
07.01.2014 00:28:43.157,1.48817,1.48617,2.2700,1.5500
07.01.2014 00:28:44.795,1.48820,1.48620,2.3100,2.3400
07.01.2014 00:28:46.232,1.48821,1.48621,2.6400,1.1500
07.01.2014 00:28:47.512,1.48821,1.48621,2.4700,1.6400
07.01.2014 00:28:49.066,1.48823,1.48623,2.7500,1.6000
07.01.2014 00:28:50.575,1.48824,1.48624,2.8200,2.6800
07.01.2014 00:28:51.890,1.48823,1.48623,1.4300,1.7400
07.01.2014 00:28:53.347,1.48823,1.48623,1.6900,2.5700
07.01.2014 00:28:54.909,1.48821,1.48621,2.2500,2.6400
07.01.2014 00:28:56.252,1.48823,1.48623,1.4200,2.1500
07.01.2014 00:28:57.548,1.48824,1.48624,2.7100,2.0000
07.01.2014 00:28:58.965,1.48823,1.48623,2.0500,2.2400
07.01.2014 00:29:00.420,1.48824,1.48624,1.5800,2.3300
07.01.2014 00:29:01.680,1.48824,1.48624,1.2000,1.8800
07.01.2014 00:29:02.957,1.48824,1.48624,1.2400,1.7200
07.01.2014 00:29:04.366,1.48824,1.48624,1.3700,1.2300
07.01.2014 00:29:05.816,1.48822,1.48622,2.2200,2.4400
07.01.2014 00:29:07.374,1.48823,1.48623,2.8400,1.5200
07.01.2014 00:29:08.866,1.48827,1.48627,2.3200,1.8700
07.01.2014 00:29:10.166,1.48826,1.48626,1.7200,2.5200
07.01.2014 00:29:11.505,1.48822,1.48622,1.5200,1.2000
07.01.2014 00:29:12.936,1.48821,1.48621,2.3800,2.5400
07.01.2014 00:29:14.337,1.48819,1.48619,1.0300,2.3600
07.01.2014 00:29:15.717,1.48820,1.48620,1.8900,2.0500
07.01.2014 00:29:17.043,1.48818,1.48618,1.1800,1.8000
07.01.2014 00:29:18.567,1.48820,1.48620,1.7200,2.9200
07.01.2014 00:29:19.997,1.48819,1.48619,1.9800,1.9700
07.01.2014 00:29:21.430,1.48818,1.48618,2.0300,1.6400
07.01.2014 00:29:22.820,1.48818,1.48618,1.7500,2.6500
07.01.2014 00:29:24.076,1.48817,1.48617,1.7400,1.6300
07.01.2014 00:29:25.644,1.48814,1.48614,2.1100,1.4400
07.01.2014 00:29:26.931,1.48814,1.48614,2.2500,1.2700
07.01.2014 00:29:28.448,1.48816,1.48616,2.7900,1.8000
07.01.2014 00:29:29.840,1.48814,1.48614,2.3500,2.8500
07.01.2014 00:29:31.191,1.48811,1.48611,1.8800,2.0400
07.01.2014 00:29:32.779,1.48813,1.48613,2.3800,2.5400
07.01.2014 00:29:34.008,1.48814,1.48614,2.2300,2.9100
07.01.2014 00:29:35.447,1.48813,1.48613,1.6500,1.9100
07.01.2014 00:29:36.809,1.48812,1.48612,1.7500,2.7700
07.01.2014 00:29:38.276,1.48811,1.48611,1.9100,1.7200
07.01.2014 00:29:39.686,1.48808,1.48608,1.4700,1.2300
07.01.2014 00:29:41.162,1.48808,1.48608,1.7800,2.1300
07.01.2014 00:29:42.612,1.48810,1.48610,2.5600,1.0100
07.01.2014 00:29:44.023,1.48811,1.48611,1.9600,2.5600
07.01.2014 00:29:45.520,1.48811,1.48611,1.4800,1.5600
07.01.2014 00:29:46.953,1.48811,1.48611,1.8500,2.2400
07.01.2014 00:29:48.402,1.48809,1.48609,1.2800,2.2200
07.01.2014 00:29:49.759,1.48809,1.48609,2.8000,1.6100
07.01.2014 00:29:51.143,1.48812,1.48612,1.1600,2.1000
07.01.2014 00:29:52.524,1.48810,1.48610,1.9100,1.4000
07.01.2014 00:29:53.821,1.48808,1.48608,1.6800,1.0100
07.01.2014 00:29:55.217,1.48807,1.48607,2.8600,1.1800
07.01.2014 00:29:56.568,1.48805,1.48605,1.5400,2.6400
07.01.2014 00:29:57.958,1.48806,1.48606,2.6500,2.2700
07.01.2014 00:29:59.372,1.48806,1.48606,1.4400,1.8900
07.01.2014 00:30:00.736,1.48806,1.48606,2.2500,2.4800
07.01.2014 00:30:02.375,1.48805,1.48605,1.5800,2.6500
07.01.2014 00:30:03.834,1.48805,1.48605,2.6900,2.3500
07.01.2014 00:30:05.243,1.48805,1.48605,2.5100,2.7800
07.01.2014 00:30:06.577,1.48808,1.48608,2.2600,1.7100
07.01.2014 00:30:08.124,1.48808,1.48608,1.9000,2.2000
07.01.2014 00:30:09.426,1.48810,1.48610,2.2800,2.0900
07.01.2014 00:30:10.945,1.48810,1.48610,2.5300,1.4600
07.01.2014 00:30:12.401,1.48809,1.48609,1.3700,2.8000
07.01.2014 00:30:13.762,1.48809,1.48609,1.9900,2.1900
07.01.2014 00:30:15.242,1.48813,1.48613,2.3400,2.0200
07.01.2014 00:30:16.385,1.48815,1.48615,2.9900,1.4000
07.01.2014 00:30:17.777,1.48818,1.48618,2.9100,1.0600
07.01.2014 00:30:18.993,1.48818,1.48618,2.6200,2.7400
07.01.2014 00:30:20.319,1.48817,1.48617,2.5500,2.1300
07.01.2014 00:30:21.533,1.48816,1.48616,2.1800,1.3900
07.01.2014 00:30:22.674,1.48817,1.48617,1.1600,1.5100
07.01.2014 00:30:24.204,1.48815,1.48615,1.9200,1.3800
07.01.2014 00:30:25.729,1.48813,1.48613,1.7800,1.1200
07.01.2014 00:30:27.218,1.48814,1.48614,2.3600,2.4500
07.01.2014 00:30:28.569,1.48812,1.48612,1.7200,1.9100
07.01.2014 00:30:30.034,1.48814,1.48614,2.6200,1.9100
07.01.2014 00:30:31.322,1.48814,1.48614,1.4600,2.6700
07.01.2014 00:30:32.664,1.48814,1.48614,1.3900,2.8800
07.01.2014 00:30:34.211,1.48813,1.48613,1.0500,2.6900
07.01.2014 00:30:35.587,1.48815,1.48615,1.0300,2.4500
07.01.2014 00:30:36.823,1.48818,1.48618,1.2700,1.7400
07.01.2014 00:30:38.033,1.48821,1.48621,2.7200,1.3400
07.01.2014 00:30:39.265,1.48821,1.48621,2.5000,1.7300
07.01.2014 00:30:40.553,1.48818,1.48618,1.3900,1.4800
07.01.2014 00:30:42.003,1.48821,1.48621,2.0500,2.3800
07.01.2014 00:30:43.298,1.48822,1.48622,2.0200,2.8900
07.01.2014 00:30:44.670,1.48826,1.48626,2.3300,2.2400
07.01.2014 00:30:46.223,1.48827,1.48627,1.0600,2.1000
07.01.2014 00:30:47.698,1.48827,1.48627,2.7200,2.0700
07.01.2014 00:30:49.118,1.48826,1.48626,2.5700,1.0100
07.01.2014 00:30:50.491,1.48828,1.48628,2.1400,2.2000
07.01.2014 00:30:51.877,1.48828,1.48628,2.7800,2.9500
07.01.2014 00:30:53.223,1.48829,1.48629,1.3200,2.9600
07.01.2014 00:30:54.739,1.48831,1.48631,2.7900,2.4000
07.01.2014 00:30:56.211,1.48828,1.48628,1.9300,2.5100
07.01.2014 00:30:57.695,1.48828,1.48628,2.2100,1.3500
07.01.2014 00:30:59.083,1.48825,1.48625,1.2400,2.0200
07.01.2014 00:31:00.542,1.48824,1.48624,1.3000,1.3900
07.01.2014 00:31:01.842,1.48823,1.48623,1.7600,1.7000
07.01.2014 00:31:03.009,1.48826,1.48626,1.0300,2.8800
07.01.2014 00:31:04.466,1.48825,1.48625,2.5700,1.0100
07.01.2014 00:31:05.910,1.48825,1.48625,2.2400,1.5700
07.01.2014 00:31:07.334,1.48823,1.48623,2.6600,1.6400
07.01.2014 00:31:08.669,1.48825,1.48625,1.3400,1.2900
07.01.2014 00:31:10.046,1.48827,1.48627,2.2100,1.4900
07.01.2014 00:31:11.490,1.48827,1.48627,1.8700,1.2700
07.01.2014 00:31:12.928,1.48825,1.48625,2.6200,2.4800
07.01.2014 00:31:14.416,1.48823,1.48623,1.1900,1.7300
07.01.2014 00:31:15.704,1.48822,1.48622,1.1400,2.9900
07.01.2014 00:31:17.182,1.48822,1.48622,2.2800,1.1900
07.01.2014 00:31:18.648,1.48819,1.48619,1.3200,2.2200
07.01.2014 00:31:20.151,1.48816,1.48616,1.2200,2.7300
07.01.2014 00:31:21.652,1.48816,1.48616,1.2700,2.5100
07.01.2014 00:31:23.153,1.48817,1.48617,2.3500,1.4300
07.01.2014 00:31:24.420,1.48818,1.48618,1.5200,2.8400
07.01.2014 00:31:25.748,1.48816,1.48616,1.9600,2.6200
07.01.2014 00:31:27.310,1.48814,1.48614,2.3000,2.9900
07.01.2014 00:31:28.754,1.48815,1.48615,2.0500,1.8800
07.01.2014 00:31:30.274,1.48815,1.48615,1.7200,1.8500
07.01.2014 00:31:31.534,1.48816,1.48616,2.8400,1.4900
07.01.2014 00:31:33.029,1.48810,1.48610,2.0300,2.7900
07.01.2014 00:31:34.330,1.48811,1.48611,1.9800,1.7200
07.01.2014 00:31:35.675,1.48812,1.48612,2.7300,1.4300
07.01.2014 00:31:37.075,1.48811,1.48611,1.5400,2.0300
07.01.2014 00:31:38.672,1.48811,1.48611,2.7700,1.0200
07.01.2014 00:31:39.953,1.48810,1.48610,1.5000,2.6300
07.01.2014 00:31:41.250,1.48810,1.48610,1.1700,1.2300
07.01.2014 00:31:42.871,1.48809,1.48609,1.9600,2.9100
07.01.2014 00:31:44.316,1.48809,1.48609,1.1100,1.9100
07.01.2014 00:31:45.682,1.48808,1.48608,2.2200,2.2900
07.01.2014 00:31:47.194,1.48808,1.48608,2.3900,2.7100
07.01.2014 00:31:48.670,1.48807,1.48607,1.7700,2.7100
07.01.2014 00:31:50.127,1.48809,1.48609,1.9600,2.1300
07.01.2014 00:31:51.364,1.48810,1.48610,1.2800,1.0400
07.01.2014 00:31:52.576,1.48810,1.48610,1.6700,1.1800
07.01.2014 00:31:54.057,1.48810,1.48610,2.4600,2.5500
07.01.2014 00:31:55.453,1.48809,1.48609,2.5600,1.4500
07.01.2014 00:31:56.825,1.48808,1.48608,2.5800,1.7600
07.01.2014 00:31:58.427,1.48806,1.48606,1.3200,2.7300
07.01.2014 00:31:59.643,1.48805,1.48605,2.6600,1.3900
07.01.2014 00:32:00.924,1.48808,1.48608,2.8900,2.7800
07.01.2014 00:32:02.306,1.48806,1.48606,1.0600,2.5700
07.01.2014 00:32:03.654,1.48806,1.48606,1.1200,2.3200
07.01.2014 00:32:04.959,1.48807,1.48607,1.4400,2.6900
07.01.2014 00:32:06.441,1.48805,1.48605,2.4400,2.2000
07.01.2014 00:32:07.581,1.48805,1.48605,1.5600,2.9400
07.01.2014 00:32:08.921,1.48806,1.48606,2.2000,2.6800
07.01.2014 00:32:10.459,1.48804,1.48604,2.4600,1.3700
07.01.2014 00:32:11.924,1.48807,1.48607,2.7100,1.6300
07.01.2014 00:32:13.439,1.48807,1.48607,2.3400,2.1400
07.01.2014 00:32:14.874,1.48810,1.48610,1.4800,2.0100
07.01.2014 00:32:16.209,1.48810,1.48610,1.6800,2.9500
07.01.2014 00:32:17.411,1.48810,1.48610,2.5900,2.9800
07.01.2014 00:32:18.690,1.48812,1.48612,2.5700,2.6100
07.01.2014 00:32:20.067,1.48813,1.48613,1.9500,2.2800
07.01.2014 00:32:21.437,1.48814,1.48614,2.0800,1.5100
07.01.2014 00:32:22.810,1.48813,1.48613,1.9900,2.3700
07.01.2014 00:32:24.171,1.48811,1.48611,1.3000,1.6400
07.01.2014 00:32:25.499,1.48812,1.48612,2.0600,2.7900
07.01.2014 00:32:26.681,1.48812,1.48612,2.6600,2.3900
07.01.2014 00:32:28.217,1.48808,1.48608,2.6000,2.7700
07.01.2014 00:32:29.628,1.48807,1.48607,2.6200,2.6400
07.01.2014 00:32:31.092,1.48807,1.48607,1.7700,2.3600
07.01.2014 00:32:32.626,1.48809,1.48609,2.5500,1.0200
07.01.2014 00:32:34.125,1.48809,1.48609,1.4200,1.1700
07.01.2014 00:32:35.547,1.48810,1.48610,2.4900,2.7300
07.01.2014 00:32:37.091,1.48808,1.48608,2.5900,2.6000
07.01.2014 00:32:38.450,1.48809,1.48609,2.0300,2.4400
07.01.2014 00:32:39.785,1.48811,1.48611,2.1600,1.0300
07.01.2014 00:32:41.288,1.48807,1.48607,2.8600,2.9800
07.01.2014 00:32:42.715,1.48807,1.48607,1.9100,1.6000
07.01.2014 00:32:44.162,1.48809,1.48609,1.7500,2.2200
07.01.2014 00:32:45.708,1.48807,1.48607,2.3400,1.5200
07.01.2014 00:32:46.995,1.48808,1.48608,1.3600,2.0000
07.01.2014 00:32:48.470,1.48805,1.48605,2.5100,2.5200
07.01.2014 00:32:49.706,1.48806,1.48606,2.3500,1.9600
07.01.2014 00:32:51.078,1.48805,1.48605,1.5400,1.6800
07.01.2014 00:32:52.769,1.48803,1.48603,2.8900,1.1900
07.01.2014 00:32:54.238,1.48807,1.48607,2.6700,1.0400
07.01.2014 00:32:55.581,1.48806,1.48606,1.5100,1.7600
07.01.2014 00:32:56.974,1.48805,1.48605,2.7300,1.9700
07.01.2014 00:32:58.388,1.48804,1.48604,2.4700,1.2600
07.01.2014 00:32:59.753,1.48805,1.48605,2.7200,1.6400
07.01.2014 00:33:01.110,1.48804,1.48604,2.0700,2.0500
07.01.2014 00:33:02.426,1.48803,1.48603,1.0100,2.2900
07.01.2014 00:33:03.674,1.48802,1.48602,2.9100,1.3600
07.01.2014 00:33:05.052,1.48802,1.48602,1.9200,1.1500
07.01.2014 00:33:06.276,1.48800,1.48600,1.6600,2.4400
07.01.2014 00:33:07.744,1.48803,1.48603,1.4500,2.3000
07.01.2014 00:33:09.142,1.48804,1.48604,1.3100,1.1000
07.01.2014 00:33:10.640,1.48805,1.48605,1.1500,1.3000
07.01.2014 00:33:12.021,1.48807,1.48607,1.0200,1.0900
07.01.2014 00:33:13.514,1.48803,1.48603,1.6600,2.4000
07.01.2014 00:33:15.093,1.48803,1.48603,2.0000,1.5600
07.01.2014 00:33:16.487,1.48802,1.48602,1.1300,1.1400
07.01.2014 00:33:17.775,1.48801,1.48601,1.5600,1.4300
07.01.2014 00:33:19.200,1.48800,1.48600,2.0200,1.3000
07.01.2014 00:33:20.695,1.48802,1.48602,1.8800,2.9400
07.01.2014 00:33:22.233,1.48799,1.48599,2.8600,2.5100
07.01.2014 00:33:23.616,1.48797,1.48597,2.8500,2.5500
07.01.2014 00:33:25.091,1.48798,1.48598,1.4000,1.4900
07.01.2014 00:33:26.540,1.48795,1.48595,1.2100,1.4900
07.01.2014 00:33:27.912,1.48794,1.48594,1.9800,1.2600
07.01.2014 00:33:29.496,1.48794,1.48594,1.5000,1.8900
07.01.2014 00:33:30.826,1.48792,1.48592,2.8400,1.4300
07.01.2014 00:33:32.195,1.48793,1.48593,1.7300,2.5500
07.01.2014 00:33:33.758,1.48790,1.48590,1.6300,2.4000
07.01.2014 00:33:35.069,1.48792,1.48592,2.9900,1.2700
07.01.2014 00:33:36.425,1.48791,1.48591,2.1500,1.3700
07.01.2014 00:33:37.892,1.48790,1.48590,1.7500,2.4100
07.01.2014 00:33:39.276,1.48790,1.48590,2.8800,2.6400
07.01.2014 00:33:40.568,1.48791,1.48591,1.3000,1.4400
07.01.2014 00:33:41.946,1.48791,1.48591,1.8600,2.1500
07.01.2014 00:33:43.335,1.48790,1.48590,2.8900,2.6800
07.01.2014 00:33:44.719,1.48791,1.48591,1.3600,1.0800
07.01.2014 00:33:45.955,1.48794,1.48594,2.8500,1.0600
07.01.2014 00:33:47.501,1.48792,1.48592,2.1100,2.7900
07.01.2014 00:33:49.037,1.48790,1.48590,2.2100,2.7700
07.01.2014 00:33:50.494,1.48788,1.48588,1.1300,1.1400
07.01.2014 00:33:51.757,1.48788,1.48588,2.6200,2.4300
07.01.2014 00:33:52.994,1.48790,1.48590,2.9700,1.6400
07.01.2014 00:33:54.398,1.48790,1.48590,2.8500,1.4200
07.01.2014 00:33:55.816,1.48789,1.48589,2.7000,2.0600
07.01.2014 00:33:57.174,1.48789,1.48589,1.9500,2.1000
07.01.2014 00:33:58.656,1.48789,1.48589,1.7200,1.4700
07.01.2014 00:34:00.060,1.48789,1.48589,2.5400,2.5500
07.01.2014 00:34:01.475,1.48790,1.48590,1.1100,2.8400
07.01.2014 00:34:02.747,1.48788,1.48588,1.9700,2.7000
07.01.2014 00:34:04.245,1.48786,1.48586,3.0000,1.2700
07.01.2014 00:34:05.703,1.48784,1.48584,2.7100,2.5100
07.01.2014 00:34:07.098,1.48782,1.48582,1.1400,2.7200
07.01.2014 00:34:08.429,1.48780,1.48580,1.5900,2.9100
07.01.2014 00:34:09.727,1.48781,1.48581,1.6400,2.9600
07.01.2014 00:34:11.066,1.48779,1.48579,2.1200,1.2500
07.01.2014 00:34:12.504,1.48779,1.48579,2.5100,2.5400
07.01.2014 00:34:13.865,1.48778,1.48578,2.4500,1.8100
07.01.2014 00:34:15.403,1.48774,1.48574,1.1300,1.1300
07.01.2014 00:34:16.931,1.48777,1.48577,1.5200,2.2000
07.01.2014 00:34:18.353,1.48777,1.48577,2.5800,2.6900
07.01.2014 00:34:19.884,1.48778,1.48578,1.7900,1.2800
07.01.2014 00:34:21.422,1.48775,1.48575,2.7600,1.9500
07.01.2014 00:34:22.984,1.48779,1.48579,2.3100,2.4100
07.01.2014 00:34:24.430,1.48777,1.48577,2.4100,2.2200
07.01.2014 00:34:25.849,1.48780,1.48580,1.6300,2.4900
07.01.2014 00:34:27.327,1.48782,1.48582,1.1700,2.4800
07.01.2014 00:34:28.734,1.48781,1.48581,1.1400,1.6400
07.01.2014 00:34:30.196,1.48781,1.48581,1.2100,1.9600
07.01.2014 00:34:31.645,1.48783,1.48583,2.1100,2.5900
07.01.2014 00:34:32.996,1.48783,1.48583,2.8600,1.5500
07.01.2014 00:34:34.380,1.48784,1.48584,1.1300,2.7500
07.01.2014 00:34:35.861,1.48787,1.48587,2.8700,1.9900
07.01.2014 00:34:37.405,1.48786,1.48586,2.7900,2.8400
07.01.2014 00:34:38.955,1.48785,1.48585,1.6700,2.2600
07.01.2014 00:34:40.382,1.48784,1.48584,2.1500,2.7500
07.01.2014 00:34:41.777,1.48786,1.48586,1.5300,2.3300
07.01.2014 00:34:43.323,1.48785,1.48585,2.0100,1.2800
07.01.2014 00:34:44.680,1.48783,1.48583,2.6100,2.6700
07.01.2014 00:34:46.157,1.48784,1.48584,2.8800,1.2700
07.01.2014 00:34:47.356,1.48785,1.48585,2.9700,2.6300
07.01.2014 00:34:48.744,1.48782,1.48582,2.2500,2.9800
07.01.2014 00:34:50.112,1.48781,1.48581,1.3900,2.3600
07.01.2014 00:34:51.540,1.48782,1.48582,2.0800,1.7200
07.01.2014 00:34:52.707,1.48779,1.48579,2.6200,2.7800
07.01.2014 00:34:54.155,1.48777,1.48577,1.1900,2.9900
07.01.2014 00:34:55.554,1.48778,1.48578,2.4200,1.0500
07.01.2014 00:34:57.207,1.48777,1.48577,2.3600,1.4100
07.01.2014 00:34:58.527,1.48778,1.48578,1.6600,1.4800
07.01.2014 00:34:59.883,1.48779,1.48579,2.5300,2.1300
07.01.2014 00:35:01.291,1.48780,1.48580,2.3700,1.5700
07.01.2014 00:35:02.837,1.48780,1.48580,1.1700,1.4500
07.01.2014 00:35:04.175,1.48780,1.48580,2.3600,2.0600
07.01.2014 00:35:05.572,1.48780,1.48580,1.9100,1.0200
07.01.2014 00:35:06.913,1.48781,1.48581,1.5100,2.0100
07.01.2014 00:35:08.283,1.48783,1.48583,1.9700,2.3700
07.01.2014 00:35:09.666,1.48782,1.48582,2.5700,2.7400
07.01.2014 00:35:10.944,1.48783,1.48583,2.5300,1.6400
07.01.2014 00:35:12.157,1.48783,1.48583,2.6500,2.1300
07.01.2014 00:35:13.481,1.48785,1.48585,2.3300,2.7900
07.01.2014 00:35:14.992,1.48785,1.48585,2.4300,2.5300
07.01.2014 00:35:16.229,1.48784,1.48584,2.0500,2.3200
07.01.2014 00:35:17.621,1.48783,1.48583,2.3600,1.6600
07.01.2014 00:35:19.051,1.48784,1.48584,1.6000,2.2900
07.01.2014 00:35:20.508,1.48783,1.48583,2.3300,2.4900
07.01.2014 00:35:21.983,1.48786,1.48586,1.1500,1.9500
07.01.2014 00:35:23.249,1.48786,1.48586,1.7900,1.1800
07.01.2014 00:35:24.561,1.48787,1.48587,2.7500,2.7400
07.01.2014 00:35:26.084,1.48785,1.48585,1.1300,2.6300
07.01.2014 00:35:27.431,1.48786,1.48586,2.4400,2.9800
07.01.2014 00:35:28.713,1.48786,1.48586,1.5200,2.3000
07.01.2014 00:35:30.104,1.48784,1.48584,1.9300,2.6600
07.01.2014 00:35:31.459,1.48786,1.48586,1.5400,2.1400
07.01.2014 00:35:32.963,1.48786,1.48586,1.4400,2.0300
07.01.2014 00:35:34.378,1.48785,1.48585,2.6800,2.9700
07.01.2014 00:35:35.780,1.48786,1.48586,2.5700,1.4900
07.01.2014 00:35:37.031,1.48785,1.48585,2.8800,2.9700
07.01.2014 00:35:38.573,1.48785,1.48585,1.2800,1.0700
07.01.2014 00:35:40.010,1.48786,1.48586,1.9700,2.9100
07.01.2014 00:35:41.396,1.48788,1.48588,1.0100,1.5700
07.01.2014 00:35:42.649,1.48787,1.48587,1.8800,2.8200
07.01.2014 00:35:44.281,1.48789,1.48589,2.0800,1.8300
07.01.2014 00:35:45.813,1.48790,1.48590,1.3700,2.5500
07.01.2014 00:35:47.289,1.48791,1.48591,2.3200,1.6700
07.01.2014 00:35:48.734,1.48792,1.48592,2.6200,1.8700
07.01.2014 00:35:49.938,1.48792,1.48592,2.3000,2.0200
07.01.2014 00:35:51.530,1.48791,1.48591,1.2000,1.2700
07.01.2014 00:35:52.778,1.48792,1.48592,1.6100,2.6900
07.01.2014 00:35:54.350,1.48790,1.48590,1.5000,1.7200
07.01.2014 00:35:55.685,1.48793,1.48593,1.4800,2.8200
07.01.2014 00:35:57.123,1.48793,1.48593,1.8900,2.5600
07.01.2014 00:35:58.389,1.48794,1.48594,1.2700,2.5200
07.01.2014 00:35:59.771,1.48794,1.48594,2.5600,1.8700
07.01.2014 00:36:01.189,1.48795,1.48595,1.4600,1.2700
07.01.2014 00:36:02.635,1.48795,1.48595,2.9500,1.9700
07.01.2014 00:36:04.078,1.48789,1.48589,2.1500,2.4800
07.01.2014 00:36:05.459,1.48791,1.48591,1.8100,1.6300
07.01.2014 00:36:06.928,1.48792,1.48592,2.7000,1.9400
07.01.2014 00:36:08.255,1.48789,1.48589,1.6000,1.8700
07.01.2014 00:36:09.682,1.48794,1.48594,1.8900,1.2300
07.01.2014 00:36:11.097,1.48792,1.48592,1.2400,1.6900
07.01.2014 00:36:12.291,1.48792,1.48592,2.9100,1.5100
07.01.2014 00:36:13.722,1.48793,1.48593,1.0100,2.3400
07.01.2014 00:36:15.016,1.48792,1.48592,1.0200,2.0200
07.01.2014 00:36:16.501,1.48792,1.48592,1.4200,2.3300
07.01.2014 00:36:17.823,1.48795,1.48595,1.2800,1.0800
07.01.2014 00:36:19.195,1.48792,1.48592,2.7500,2.2600
07.01.2014 00:36:20.508,1.48791,1.48591,1.2500,2.4200
07.01.2014 00:36:21.943,1.48792,1.48592,1.4500,2.2900
07.01.2014 00:36:23.196,1.48790,1.48590,1.5000,2.8600
07.01.2014 00:36:24.718,1.48793,1.48593,1.7400,2.3800
07.01.2014 00:36:26.123,1.48796,1.48596,1.0900,1.2100
07.01.2014 00:36:27.566,1.48795,1.48595,1.3100,1.7900
07.01.2014 00:36:28.940,1.48794,1.48594,2.4400,1.4200
07.01.2014 00:36:30.177,1.48792,1.48592,1.0100,1.9600
07.01.2014 00:36:31.507,1.48790,1.48590,1.2400,1.5600
07.01.2014 00:36:32.983,1.48788,1.48588,1.7900,1.5000
07.01.2014 00:36:34.515,1.48788,1.48588,1.8800,2.5700
07.01.2014 00:36:35.824,1.48789,1.48589,1.9100,1.3600
07.01.2014 00:36:37.168,1.48788,1.48588,2.7700,1.2600
07.01.2014 00:36:38.736,1.48788,1.48588,2.6600,2.1400
07.01.2014 00:36:40.218,1.48785,1.48585,1.5400,1.7000
07.01.2014 00:36:41.682,1.48782,1.48582,1.1100,2.2500
07.01.2014 00:36:42.951,1.48781,1.48581,2.7700,2.3700
07.01.2014 00:36:44.387,1.48782,1.48582,2.7400,1.9200
07.01.2014 00:36:45.726,1.48783,1.48583,2.0500,1.5400
07.01.2014 00:36:47.380,1.48781,1.48581,1.0700,1.7400
07.01.2014 00:36:48.950,1.48783,1.48583,2.0300,1.6800
07.01.2014 00:36:50.405,1.48780,1.48580,1.7300,1.6100
07.01.2014 00:36:51.761,1.48777,1.48577,2.8300,1.4100
07.01.2014 00:36:53.328,1.48780,1.48580,2.1200,2.4200
07.01.2014 00:36:54.702,1.48780,1.48580,1.2200,2.2300
07.01.2014 00:36:56.033,1.48777,1.48577,1.7600,1.1800
07.01.2014 00:36:57.517,1.48775,1.48575,1.4100,1.3600
07.01.2014 00:36:58.874,1.48774,1.48574,1.3000,1.8200
07.01.2014 00:37:00.321,1.48773,1.48573,2.2600,2.8900
07.01.2014 00:37:01.606,1.48773,1.48573,1.3200,2.0900
07.01.2014 00:37:02.982,1.48768,1.48568,1.6200,1.1300
07.01.2014 00:37:04.327,1.48771,1.48571,1.6200,1.1600
07.01.2014 00:37:06.078,1.48769,1.48569,1.8000,2.1600
07.01.2014 00:37:07.357,1.48768,1.48568,1.5000,1.7400
07.01.2014 00:37:08.828,1.48767,1.48567,2.8800,2.2900
07.01.2014 00:37:10.237,1.48768,1.48568,1.5400,1.6600
07.01.2014 00:37:11.495,1.48768,1.48568,1.6400,1.6400
07.01.2014 00:37:12.895,1.48769,1.48569,2.5200,2.3500
07.01.2014 00:37:14.070,1.48768,1.48568,2.4000,1.7000
07.01.2014 00:37:15.324,1.48767,1.48567,2.4000,1.5300
07.01.2014 00:37:16.798,1.48767,1.48567,1.1100,1.7500
07.01.2014 00:37:18.235,1.48768,1.48568,1.0100,2.2300
07.01.2014 00:37:19.654,1.48768,1.48568,1.7200,1.5400
07.01.2014 00:37:21.118,1.48769,1.48569,1.6900,1.2700
07.01.2014 00:37:22.715,1.48768,1.48568,2.8700,2.2700
07.01.2014 00:37:23.951,1.48768,1.48568,1.8200,2.0000
07.01.2014 00:37:25.382,1.48766,1.48566,1.7000,2.0800
07.01.2014 00:37:26.907,1.48767,1.48567,2.4300,2.0600
07.01.2014 00:37:28.433,1.48766,1.48566,2.3300,1.7800
07.01.2014 00:37:29.895,1.48766,1.48566,2.3700,2.7700
07.01.2014 00:37:31.131,1.48766,1.48566,1.7500,1.2000
07.01.2014 00:37:32.507,1.48766,1.48566,1.2200,1.6600
07.01.2014 00:37:33.735,1.48764,1.48564,2.3700,2.0100
07.01.2014 00:37:35.032,1.48765,1.48565,2.4300,1.6500
07.01.2014 00:37:36.417,1.48762,1.48562,1.9800,2.6500
07.01.2014 00:37:37.712,1.48761,1.48561,2.4600,1.2900
07.01.2014 00:37:39.074,1.48762,1.48562,1.6600,2.5700
07.01.2014 00:37:40.517,1.48761,1.48561,1.5900,1.5700
07.01.2014 00:37:41.820,1.48760,1.48560,1.3200,2.9100
07.01.2014 00:37:43.141,1.48761,1.48561,1.8300,2.7900
07.01.2014 00:37:44.705,1.48760,1.48560,2.4100,2.7600
07.01.2014 00:37:46.098,1.48760,1.48560,2.2400,1.4800
07.01.2014 00:37:47.672,1.48761,1.48561,2.7700,1.0300
07.01.2014 00:37:49.136,1.48763,1.48563,2.9600,1.5200
07.01.2014 00:37:50.607,1.48764,1.48564,1.4700,2.3700
07.01.2014 00:37:51.975,1.48764,1.48564,2.8700,2.4400
07.01.2014 00:37:53.295,1.48764,1.48564,1.0300,1.9700
07.01.2014 00:37:54.787,1.48762,1.48562,2.2000,1.9500
07.01.2014 00:37:56.105,1.48759,1.48559,1.2700,1.0300
07.01.2014 00:37:57.621,1.48755,1.48555,2.1600,1.3400
07.01.2014 00:37:59.030,1.48754,1.48554,2.9300,2.0600
07.01.2014 00:38:00.444,1.48756,1.48556,1.2300,1.1900
07.01.2014 00:38:01.937,1.48753,1.48553,2.9500,1.6400
07.01.2014 00:38:03.350,1.48754,1.48554,2.7200,2.4100
07.01.2014 00:38:04.646,1.48755,1.48555,1.5000,2.7800
07.01.2014 00:38:05.988,1.48752,1.48552,1.9100,1.2600
07.01.2014 00:38:07.388,1.48755,1.48555,1.2900,1.8300
07.01.2014 00:38:08.746,1.48755,1.48555,2.5300,2.5900
07.01.2014 00:38:10.147,1.48753,1.48553,2.6800,1.7500
07.01.2014 00:38:11.537,1.48753,1.48553,2.3400,1.7100
07.01.2014 00:38:13.067,1.48755,1.48555,2.6100,3.0000
07.01.2014 00:38:14.526,1.48753,1.48553,1.1700,1.4200
07.01.2014 00:38:15.725,1.48755,1.48555,2.5100,1.8300
07.01.2014 00:38:17.115,1.48758,1.48558,2.0500,2.4400
07.01.2014 00:38:18.494,1.48756,1.48556,1.0200,2.6200
07.01.2014 00:38:20.006,1.48754,1.48554,2.1900,1.1400
07.01.2014 00:38:21.390,1.48751,1.48551,2.3300,2.2300
07.01.2014 00:38:22.654,1.48753,1.48553,2.1600,2.9700
07.01.2014 00:38:23.957,1.48753,1.48553,1.2900,2.8000
07.01.2014 00:38:25.374,1.48751,1.48551,1.6700,1.7900
07.01.2014 00:38:26.846,1.48752,1.48552,1.6000,2.8500
07.01.2014 00:38:28.139,1.48753,1.48553,2.0600,2.7300
07.01.2014 00:38:29.435,1.48751,1.48551,1.2600,1.5500
07.01.2014 00:38:30.879,1.48752,1.48552,2.9000,1.9800
07.01.2014 00:38:32.247,1.48756,1.48556,1.5400,2.3100
07.01.2014 00:38:33.544,1.48754,1.48554,2.8600,1.7700
07.01.2014 00:38:34.956,1.48754,1.48554,1.3700,1.6900
07.01.2014 00:38:36.293,1.48754,1.48554,2.1600,1.7300
07.01.2014 00:38:37.782,1.48753,1.48553,2.0600,3.0000
07.01.2014 00:38:39.298,1.48752,1.48552,2.7300,2.5900
07.01.2014 00:38:40.706,1.48754,1.48554,2.6900,2.2500
07.01.2014 00:38:41.949,1.48755,1.48555,2.8900,2.2800
07.01.2014 00:38:43.445,1.48756,1.48556,1.1100,2.1400
07.01.2014 00:38:44.719,1.48758,1.48558,1.5700,1.9500
07.01.2014 00:38:46.279,1.48756,1.48556,2.0100,1.3100
07.01.2014 00:38:47.727,1.48754,1.48554,1.2900,1.8200
07.01.2014 00:38:49.056,1.48754,1.48554,2.9300,1.1900
07.01.2014 00:38:50.412,1.48753,1.48553,2.8400,1.8900
07.01.2014 00:38:51.857,1.48752,1.48552,1.8200,2.7900
07.01.2014 00:38:53.248,1.48752,1.48552,2.4500,1.8400
07.01.2014 00:38:54.553,1.48753,1.48553,1.5100,1.3100
07.01.2014 00:38:56.004,1.48753,1.48553,2.9200,1.3300
07.01.2014 00:38:57.309,1.48754,1.48554,2.6300,2.5900
07.01.2014 00:38:58.760,1.48755,1.48555,1.6000,1.3300
07.01.2014 00:39:00.135,1.48755,1.48555,1.1600,2.9800
07.01.2014 00:39:01.436,1.48755,1.48555,1.6800,1.4300
07.01.2014 00:39:02.802,1.48757,1.48557,2.0900,1.0200
07.01.2014 00:39:04.345,1.48756,1.48556,2.5200,1.4300
07.01.2014 00:39:05.595,1.48755,1.48555,1.6400,1.6900
07.01.2014 00:39:07.089,1.48755,1.48555,2.3400,1.6000
07.01.2014 00:39:08.560,1.48755,1.48555,2.4100,2.2200
07.01.2014 00:39:09.947,1.48753,1.48553,2.5600,2.6400
07.01.2014 00:39:11.282,1.48755,1.48555,1.8600,1.0500
07.01.2014 00:39:12.508,1.48758,1.48558,1.9100,2.5200
07.01.2014 00:39:13.821,1.48757,1.48557,2.4800,2.6000
07.01.2014 00:39:15.213,1.48759,1.48559,1.5700,1.1200
07.01.2014 00:39:16.709,1.48760,1.48560,2.3600,1.5600
07.01.2014 00:39:18.099,1.48759,1.48559,1.4600,1.5900
07.01.2014 00:39:19.465,1.48758,1.48558,2.6100,2.3500
07.01.2014 00:39:21.032,1.48759,1.48559,1.9200,1.6600
07.01.2014 00:39:22.482,1.48759,1.48559,2.0800,2.3700
07.01.2014 00:39:23.915,1.48756,1.48556,1.3900,2.3400
07.01.2014 00:39:25.309,1.48756,1.48556,2.1100,2.5500
07.01.2014 00:39:26.732,1.48758,1.48558,2.1600,1.7100
07.01.2014 00:39:27.968,1.48758,1.48558,1.4300,1.0000
07.01.2014 00:39:29.520,1.48760,1.48560,1.2400,1.6800
07.01.2014 00:39:30.939,1.48760,1.48560,1.1300,2.1900
07.01.2014 00:39:32.276,1.48758,1.48558,2.1300,2.3300
07.01.2014 00:39:33.502,1.48758,1.48558,1.0600,1.9800
07.01.2014 00:39:34.946,1.48757,1.48557,2.1500,1.7400
07.01.2014 00:39:36.430,1.48757,1.48557,1.2200,1.6200
07.01.2014 00:39:37.894,1.48754,1.48554,1.2600,2.6500
07.01.2014 00:39:39.437,1.48754,1.48554,2.7500,1.3200
07.01.2014 00:39:40.827,1.48756,1.48556,1.6000,2.0400
07.01.2014 00:39:42.269,1.48756,1.48556,2.5200,2.6400
07.01.2014 00:39:43.551,1.48755,1.48555,1.3600,1.9100
07.01.2014 00:39:44.906,1.48758,1.48558,1.7100,1.3600
07.01.2014 00:39:46.142,1.48756,1.48556,2.2500,1.6800
07.01.2014 00:39:47.658,1.48755,1.48555,2.9100,1.5500
07.01.2014 00:39:48.999,1.48754,1.48554,1.2000,2.3100
07.01.2014 00:39:50.523,1.48753,1.48553,2.0500,1.5000
07.01.2014 00:39:51.850,1.48753,1.48553,2.1800,2.9000
07.01.2014 00:39:53.234,1.48752,1.48552,2.4300,2.9000
07.01.2014 00:39:54.699,1.48753,1.48553,3.0000,1.8300
07.01.2014 00:39:56.043,1.48753,1.48553,2.4600,1.3300
07.01.2014 00:39:57.444,1.48755,1.48555,2.7900,2.5800
07.01.2014 00:39:58.776,1.48757,1.48557,1.9800,1.1200
07.01.2014 00:40:00.153,1.48758,1.48558,2.8500,1.5500
07.01.2014 00:40:01.413,1.48759,1.48559,1.0800,1.5700
07.01.2014 00:40:02.928,1.48760,1.48560,2.8100,2.9200
07.01.2014 00:40:04.512,1.48760,1.48560,2.7300,1.3700
07.01.2014 00:40:05.910,1.48762,1.48562,2.5300,1.4500
07.01.2014 00:40:07.324,1.48766,1.48566,1.1100,1.9300
07.01.2014 00:40:08.857,1.48765,1.48565,2.1600,2.6700
07.01.2014 00:40:10.093,1.48767,1.48567,1.5000,2.2900
07.01.2014 00:40:11.451,1.48768,1.48568,1.3700,2.7300
07.01.2014 00:40:12.746,1.48768,1.48568,2.1000,1.2500
07.01.2014 00:40:14.133,1.48767,1.48567,2.0300,1.9600
07.01.2014 00:40:15.321,1.48765,1.48565,1.0700,1.3700
07.01.2014 00:40:16.749,1.48767,1.48567,2.9300,2.0400
07.01.2014 00:40:18.153,1.48770,1.48570,1.7800,2.6500
07.01.2014 00:40:19.657,1.48768,1.48568,1.7000,2.4400
07.01.2014 00:40:20.964,1.48767,1.48567,1.2900,2.4500
07.01.2014 00:40:22.370,1.48764,1.48564,2.1000,2.2000
07.01.2014 00:40:23.973,1.48764,1.48564,2.1200,1.3800
07.01.2014 00:40:25.355,1.48761,1.48561,2.9900,2.8300
07.01.2014 00:40:26.898,1.48763,1.48563,1.8200,2.2100
07.01.2014 00:40:28.298,1.48761,1.48561,2.4100,1.3400
07.01.2014 00:40:29.774,1.48760,1.48560,1.2300,1.4800
07.01.2014 00:40:31.100,1.48761,1.48561,1.1200,2.8600
07.01.2014 00:40:32.401,1.48760,1.48560,1.3700,2.2200
07.01.2014 00:40:33.808,1.48764,1.48564,2.6300,2.4000
07.01.2014 00:40:35.076,1.48764,1.48564,2.7000,1.3500
07.01.2014 00:40:36.600,1.48763,1.48563,1.2900,1.6500
07.01.2014 00:40:37.818,1.48763,1.48563,1.2900,2.9400
07.01.2014 00:40:39.205,1.48766,1.48566,3.0000,2.6600
07.01.2014 00:40:40.559,1.48764,1.48564,2.8500,1.8700
07.01.2014 00:40:41.967,1.48764,1.48564,2.2100,2.2000
07.01.2014 00:40:43.407,1.48763,1.48563,1.5500,1.1700
07.01.2014 00:40:44.839,1.48762,1.48562,2.6000,1.7300
07.01.2014 00:40:46.202,1.48760,1.48560,2.2900,1.8100
07.01.2014 00:40:47.721,1.48760,1.48560,2.3000,1.2700
07.01.2014 00:40:49.250,1.48763,1.48563,1.3400,1.0300
07.01.2014 00:40:50.584,1.48762,1.48562,2.2900,2.1200
07.01.2014 00:40:52.071,1.48765,1.48565,2.0200,2.7600
07.01.2014 00:40:53.493,1.48763,1.48563,2.0700,2.6900
07.01.2014 00:40:54.814,1.48765,1.48565,1.2900,2.4100
07.01.2014 00:40:56.160,1.48762,1.48562,2.4600,2.8000
07.01.2014 00:40:57.533,1.48762,1.48562,2.8500,1.6100
07.01.2014 00:40:58.876,1.48761,1.48561,2.8500,1.2400
07.01.2014 00:41:00.303,1.48763,1.48563,2.3400,1.7500
07.01.2014 00:41:01.658,1.48765,1.48565,2.2100,1.2400
07.01.2014 00:41:03.133,1.48765,1.48565,2.2500,2.4400
07.01.2014 00:41:04.624,1.48765,1.48565,1.3800,1.8400
07.01.2014 00:41:06.063,1.48764,1.48564,2.6200,2.3000
07.01.2014 00:41:07.510,1.48765,1.48565,1.9400,2.9100
07.01.2014 00:41:08.924,1.48768,1.48568,2.6900,2.7700
07.01.2014 00:41:10.304,1.48767,1.48567,1.1900,2.4700
07.01.2014 00:41:11.563,1.48766,1.48566,2.0800,2.4000
07.01.2014 00:41:13.020,1.48764,1.48564,1.0500,2.8100
07.01.2014 00:41:14.346,1.48764,1.48564,1.1100,2.7600
07.01.2014 00:41:15.890,1.48762,1.48562,2.6700,2.6600
07.01.2014 00:41:17.278,1.48764,1.48564,1.0800,1.9800
07.01.2014 00:41:18.692,1.48767,1.48567,1.1600,1.5000
07.01.2014 00:41:20.145,1.48768,1.48568,1.7000,1.4900
07.01.2014 00:41:21.397,1.48768,1.48568,2.5900,1.8900
07.01.2014 00:41:22.942,1.48769,1.48569,2.1000,2.9300
07.01.2014 00:41:24.532,1.48769,1.48569,1.9300,2.2900
07.01.2014 00:41:25.788,1.48769,1.48569,1.9400,1.8100
07.01.2014 00:41:27.131,1.48774,1.48574,1.5700,2.7500
07.01.2014 00:41:28.332,1.48774,1.48574,2.0300,2.7000
07.01.2014 00:41:29.821,1.48773,1.48573,1.5900,1.9100
07.01.2014 00:41:31.299,1.48776,1.48576,1.1700,1.9700
07.01.2014 00:41:32.783,1.48776,1.48576,2.6500,2.0600
07.01.2014 00:41:34.210,1.48775,1.48575,2.9700,1.4600
07.01.2014 00:41:35.688,1.48777,1.48577,1.5200,1.8100
07.01.2014 00:41:37.072,1.48776,1.48576,2.9900,2.7800
07.01.2014 00:41:38.419,1.48777,1.48577,2.2000,2.6900
07.01.2014 00:41:39.824,1.48776,1.48576,1.0800,2.2800
07.01.2014 00:41:41.138,1.48776,1.48576,2.6700,1.1400
07.01.2014 00:41:42.667,1.48777,1.48577,1.4000,1.4300
07.01.2014 00:41:44.056,1.48777,1.48577,1.3000,2.0600
07.01.2014 00:41:45.432,1.48778,1.48578,2.1300,2.7900
07.01.2014 00:41:46.766,1.48780,1.48580,1.1700,2.9400
07.01.2014 00:41:48.316,1.48779,1.48579,1.6800,1.3700
07.01.2014 00:41:49.840,1.48783,1.48583,2.3700,1.9100
07.01.2014 00:41:51.175,1.48782,1.48582,1.8000,1.6900
07.01.2014 00:41:52.392,1.48782,1.48582,2.4100,1.8700
07.01.2014 00:41:53.738,1.48782,1.48582,1.0300,2.8700
07.01.2014 00:41:54.967,1.48782,1.48582,2.4500,1.6400
07.01.2014 00:41:56.501,1.48783,1.48583,2.0700,2.5300
07.01.2014 00:41:57.901,1.48781,1.48581,2.1700,2.6600
07.01.2014 00:41:59.133,1.48782,1.48582,1.7100,1.7200
07.01.2014 00:42:00.634,1.48782,1.48582,2.8800,2.6700
07.01.2014 00:42:02.040,1.48784,1.48584,2.9400,1.1500
07.01.2014 00:42:03.456,1.48784,1.48584,1.0700,1.8900
07.01.2014 00:42:04.736,1.48783,1.48583,1.5100,2.5200
07.01.2014 00:42:06.077,1.48783,1.48583,1.9000,1.4800
07.01.2014 00:42:07.488,1.48783,1.48583,2.4900,1.6200
07.01.2014 00:42:08.993,1.48781,1.48581,2.6600,1.9200
07.01.2014 00:42:10.351,1.48782,1.48582,1.1100,2.4400
07.01.2014 00:42:11.733,1.48783,1.48583,1.5300,2.6800
07.01.2014 00:42:12.987,1.48782,1.48582,1.1300,2.9300
07.01.2014 00:42:14.314,1.48784,1.48584,1.4900,1.8500
07.01.2014 00:42:15.840,1.48782,1.48582,1.5400,2.5300
07.01.2014 00:42:17.328,1.48780,1.48580,2.6800,2.1100
07.01.2014 00:42:18.727,1.48781,1.48581,1.6800,2.2700
07.01.2014 00:42:20.130,1.48782,1.48582,1.1500,2.2200
07.01.2014 00:42:21.389,1.48786,1.48586,2.9500,2.2800
07.01.2014 00:42:22.909,1.48782,1.48582,2.2600,2.3500
07.01.2014 00:42:24.401,1.48780,1.48580,1.3900,1.8100
07.01.2014 00:42:25.658,1.48780,1.48580,1.4600,2.3700
07.01.2014 00:42:26.966,1.48782,1.48582,2.1500,1.1800
07.01.2014 00:42:28.432,1.48779,1.48579,1.6200,2.9200
07.01.2014 00:42:29.722,1.48778,1.48578,1.2200,1.4300
07.01.2014 00:42:31.015,1.48779,1.48579,2.7900,2.9400
07.01.2014 00:42:32.591,1.48780,1.48580,2.3100,1.1900
07.01.2014 00:42:34.123,1.48778,1.48578,1.9400,2.9500
07.01.2014 00:42:35.423,1.48777,1.48577,1.8400,1.9300
07.01.2014 00:42:36.829,1.48775,1.48575,1.3100,2.5500
07.01.2014 00:42:38.117,1.48775,1.48575,1.0600,2.8700
07.01.2014 00:42:39.541,1.48774,1.48574,2.3700,1.3900
07.01.2014 00:42:41.028,1.48772,1.48572,1.3900,1.5600
07.01.2014 00:42:42.545,1.48772,1.48572,2.5400,1.7400
07.01.2014 00:42:43.908,1.48770,1.48570,1.0600,2.5200
07.01.2014 00:42:45.400,1.48771,1.48571,1.1500,2.3600
07.01.2014 00:42:46.884,1.48770,1.48570,1.5900,2.4000
07.01.2014 00:42:48.340,1.48771,1.48571,2.0500,1.4700
07.01.2014 00:42:49.689,1.48771,1.48571,2.1100,2.2300
07.01.2014 00:42:51.264,1.48770,1.48570,1.9500,2.6300
07.01.2014 00:42:52.755,1.48768,1.48568,1.7600,1.7900
07.01.2014 00:42:54.158,1.48772,1.48572,1.6400,1.1100
07.01.2014 00:42:55.760,1.48775,1.48575,2.4500,2.6700
07.01.2014 00:42:57.263,1.48774,1.48574,2.5900,2.3500
07.01.2014 00:42:58.475,1.48775,1.48575,1.2900,1.3000
07.01.2014 00:42:59.886,1.48776,1.48576,2.2200,1.3700
07.01.2014 00:43:01.247,1.48773,1.48573,2.9200,2.2000
07.01.2014 00:43:02.536,1.48773,1.48573,1.2000,2.1700
07.01.2014 00:43:04.033,1.48773,1.48573,1.2100,1.9700
07.01.2014 00:43:05.440,1.48772,1.48572,2.5300,2.1300
07.01.2014 00:43:06.892,1.48771,1.48571,2.6300,2.5100
07.01.2014 00:43:08.383,1.48772,1.48572,1.8500,1.8400
07.01.2014 00:43:09.737,1.48771,1.48571,1.2100,2.6200
07.01.2014 00:43:11.152,1.48771,1.48571,2.0800,1.3000
07.01.2014 00:43:12.532,1.48771,1.48571,1.8500,1.4300
