Time,Ask,Bid,AskVolume,BidVolume
17.01.2014 00:00:02.800,1.48395,1.48195,2.0300,1.4800
17.01.2014 00:00:04.317,1.48395,1.48195,1.0300,1.2700
17.01.2014 00:00:05.750,1.48395,1.48195,2.9000,2.0500
17.01.2014 00:00:07.005,1.48392,1.48192,2.7100,1.7400
17.01.2014 00:00:08.597,1.48391,1.48191,1.3600,1.5400
17.01.2014 00:00:10.049,1.48391,1.48191,1.7300,1.4800
17.01.2014 00:00:11.508,1.48392,1.48192,1.1600,2.1600
17.01.2014 00:00:13.066,1.48392,1.48192,2.6000,2.8700
17.01.2014 00:00:14.562,1.48390,1.48190,2.1800,1.4600
17.01.2014 00:00:16.075,1.48396,1.48196,2.7000,1.3900
17.01.2014 00:00:17.521,1.48397,1.48197,1.2800,2.8800
17.01.2014 00:00:18.821,1.48397,1.48197,1.9700,2.0200
17.01.2014 00:00:20.073,1.48397,1.48197,2.7900,2.6200
17.01.2014 00:00:21.603,1.48399,1.48199,1.7600,1.9500
17.01.2014 00:00:22.944,1.48400,1.48200,1.0400,1.5400
17.01.2014 00:00:24.173,1.48400,1.48200,1.1000,2.9900
17.01.2014 00:00:25.648,1.48399,1.48199,2.0100,2.0300
17.01.2014 00:00:27.100,1.48399,1.48199,1.8900,2.2200
17.01.2014 00:00:28.583,1.48399,1.48199,1.4700,1.0600
17.01.2014 00:00:30.032,1.48400,1.48200,1.8600,2.4300
17.01.2014 00:00:31.369,1.48399,1.48199,2.2300,1.8100
17.01.2014 00:00:32.606,1.48399,1.48199,2.5100,1.4200
17.01.2014 00:00:34.064,1.48398,1.48198,1.7000,1.4400
17.01.2014 00:00:35.355,1.48398,1.48198,2.0800,2.1200
17.01.2014 00:00:36.647,1.48398,1.48198,2.5700,1.3400
17.01.2014 00:00:38.048,1.48396,1.48196,1.6500,1.9600
17.01.2014 00:00:39.561,1.48393,1.48193,2.7900,1.1500
17.01.2014 00:00:40.718,1.48393,1.48193,1.5900,1.3000
17.01.2014 00:00:42.243,1.48392,1.48192,1.4400,2.6000
17.01.2014 00:00:43.676,1.48394,1.48194,1.2100,2.7400
17.01.2014 00:00:44.884,1.48399,1.48199,1.4300,2.7800
17.01.2014 00:00:46.455,1.48398,1.48198,1.0100,1.3200
17.01.2014 00:00:47.816,1.48396,1.48196,1.8000,2.9100
17.01.2014 00:00:49.174,1.48394,1.48194,2.4600,1.5900
17.01.2014 00:00:50.585,1.48395,1.48195,2.0300,2.7900
17.01.2014 00:00:51.933,1.48398,1.48198,2.8900,1.4200
17.01.2014 00:00:53.598,1.48398,1.48198,1.8000,1.8200
17.01.2014 00:00:55.142,1.48398,1.48198,1.9000,1.8200
17.01.2014 00:00:56.730,1.48401,1.48201,2.9100,1.5500
17.01.2014 00:00:58.142,1.48401,1.48201,2.6600,1.3700
17.01.2014 00:00:59.481,1.48401,1.48201,1.5600,2.5800
17.01.2014 00:01:00.985,1.48402,1.48202,2.8200,1.2000
17.01.2014 00:01:02.392,1.48403,1.48203,3.0000,1.0800
17.01.2014 00:01:03.925,1.48401,1.48201,2.9000,1.7000
17.01.2014 00:01:05.262,1.48403,1.48203,1.8700,1.4000
17.01.2014 00:01:06.657,1.48403,1.48203,2.6600,2.5000
17.01.2014 00:01:08.028,1.48406,1.48206,2.2300,2.1400
17.01.2014 00:01:09.417,1.48405,1.48205,2.0000,1.3500
17.01.2014 00:01:10.612,1.48408,1.48208,1.4600,1.9300
17.01.2014 00:01:12.108,1.48407,1.48207,2.0600,1.7600
17.01.2014 00:01:13.481,1.48408,1.48208,1.3100,1.8600
17.01.2014 00:01:14.788,1.48407,1.48207,1.4500,1.3900
17.01.2014 00:01:16.123,1.48407,1.48207,2.2100,2.2700
17.01.2014 00:01:17.585,1.48407,1.48207,2.9500,2.0800
17.01.2014 00:01:19.017,1.48408,1.48208,1.6200,2.1000
17.01.2014 00:01:20.415,1.48409,1.48209,1.7900,2.6300
17.01.2014 00:01:21.849,1.48409,1.48209,1.6400,1.9200
17.01.2014 00:01:23.257,1.48408,1.48208,2.8100,2.1000
17.01.2014 00:01:24.710,1.48409,1.48209,1.8900,1.7500
17.01.2014 00:01:26.254,1.48410,1.48210,1.3200,1.5800
17.01.2014 00:01:27.688,1.48413,1.48213,2.2800,2.6200
17.01.2014 00:01:29.113,1.48414,1.48214,1.7200,2.4500
17.01.2014 00:01:30.510,1.48413,1.48213,1.6600,2.9700
17.01.2014 00:01:32.019,1.48410,1.48210,2.2300,2.8500
17.01.2014 00:01:33.580,1.48408,1.48208,2.4900,1.7600
17.01.2014 00:01:35.103,1.48408,1.48208,2.9900,2.7600
17.01.2014 00:01:36.419,1.48407,1.48207,1.4400,2.8100
17.01.2014 00:01:37.849,1.48406,1.48206,2.8600,2.8200
17.01.2014 00:01:39.273,1.48406,1.48206,1.8700,2.7800
17.01.2014 00:01:40.631,1.48405,1.48205,2.5300,2.1600
17.01.2014 00:01:41.994,1.48404,1.48204,2.6000,1.4700
17.01.2014 00:01:43.365,1.48404,1.48204,1.8300,2.9000
17.01.2014 00:01:44.729,1.48407,1.48207,2.0800,2.0800
17.01.2014 00:01:46.149,1.48406,1.48206,1.9900,2.5500
17.01.2014 00:01:47.342,1.48406,1.48206,1.3100,2.5500
17.01.2014 00:01:48.704,1.48409,1.48209,1.5400,2.2300
17.01.2014 00:01:50.187,1.48408,1.48208,2.5800,1.8100
17.01.2014 00:01:51.547,1.48407,1.48207,1.2400,1.4200
17.01.2014 00:01:52.851,1.48407,1.48207,2.6900,2.3700
17.01.2014 00:01:54.346,1.48408,1.48208,2.8800,2.2200
17.01.2014 00:01:55.907,1.48409,1.48209,1.4600,1.7500
17.01.2014 00:01:57.322,1.48408,1.48208,2.5100,1.8200
17.01.2014 00:01:58.721,1.48407,1.48207,1.6600,1.1200
17.01.2014 00:02:00.183,1.48410,1.48210,2.4400,1.5200
17.01.2014 00:02:01.441,1.48411,1.48211,2.2700,1.6100
17.01.2014 00:02:03.067,1.48408,1.48208,1.1500,2.8000
17.01.2014 00:02:04.522,1.48406,1.48206,1.1600,1.8500
17.01.2014 00:02:06.053,1.48403,1.48203,1.8500,2.7800
17.01.2014 00:02:07.358,1.48403,1.48203,2.3700,2.4700
17.01.2014 00:02:08.810,1.48401,1.48201,1.8800,1.9600
17.01.2014 00:02:10.194,1.48402,1.48202,1.4100,1.6500
17.01.2014 00:02:11.610,1.48402,1.48202,1.4600,2.7100
17.01.2014 00:02:13.047,1.48403,1.48203,2.9700,1.3200
17.01.2014 00:02:14.348,1.48406,1.48206,2.9600,2.9800
17.01.2014 00:02:15.673,1.48408,1.48208,2.3200,2.8900
17.01.2014 00:02:16.907,1.48410,1.48210,2.7900,2.9900
17.01.2014 00:02:18.192,1.48409,1.48209,2.5300,2.8400
17.01.2014 00:02:19.750,1.48409,1.48209,1.0200,1.6200
17.01.2014 00:02:20.953,1.48410,1.48210,1.5900,1.8400
17.01.2014 00:02:22.295,1.48408,1.48208,2.8400,2.9700
17.01.2014 00:02:23.767,1.48405,1.48205,1.1500,1.7600
17.01.2014 00:02:25.147,1.48405,1.48205,2.7700,1.7400
17.01.2014 00:02:26.628,1.48402,1.48202,2.3300,2.1900
17.01.2014 00:02:27.876,1.48401,1.48201,2.7300,1.2500
17.01.2014 00:02:29.284,1.48402,1.48202,1.0800,2.8900
17.01.2014 00:02:30.714,1.48399,1.48199,2.1700,2.5200
17.01.2014 00:02:32.169,1.48401,1.48201,1.1800,2.9200
17.01.2014 00:02:33.716,1.48399,1.48199,1.6000,2.7800
17.01.2014 00:02:35.119,1.48398,1.48198,1.7000,1.4600
17.01.2014 00:02:36.458,1.48397,1.48197,2.4200,1.2600
17.01.2014 00:02:37.739,1.48395,1.48195,1.4500,2.6300
17.01.2014 00:02:39.251,1.48396,1.48196,2.1600,2.5900
17.01.2014 00:02:40.651,1.48396,1.48196,1.6700,2.6600
17.01.2014 00:02:42.102,1.48393,1.48193,2.9900,2.3200
17.01.2014 00:02:43.577,1.48393,1.48193,1.4700,1.2900
17.01.2014 00:02:45.159,1.48394,1.48194,2.1900,1.0000
17.01.2014 00:02:46.543,1.48392,1.48192,2.7300,1.5200
17.01.2014 00:02:47.962,1.48394,1.48194,1.6800,1.9500
17.01.2014 00:02:49.273,1.48394,1.48194,2.0700,1.9200
17.01.2014 00:02:50.863,1.48396,1.48196,2.2800,2.3800
17.01.2014 00:02:52.276,1.48397,1.48197,2.4900,1.4900
17.01.2014 00:02:53.573,1.48399,1.48199,1.7600,2.2800
17.01.2014 00:02:55.136,1.48399,1.48199,2.2100,2.2400
17.01.2014 00:02:56.493,1.48401,1.48201,1.1400,1.8500
17.01.2014 00:02:57.809,1.48399,1.48199,2.7300,1.9600
17.01.2014 00:02:59.231,1.48399,1.48199,1.9500,1.6400
17.01.2014 00:03:00.646,1.48401,1.48201,1.7400,1.6300
17.01.2014 00:03:02.133,1.48398,1.48198,1.1300,2.8300
17.01.2014 00:03:03.483,1.48399,1.48199,1.4000,2.7600
17.01.2014 00:03:04.898,1.48400,1.48200,1.3800,1.2600
17.01.2014 00:03:06.326,1.48401,1.48201,1.4300,1.8900
17.01.2014 00:03:07.701,1.48400,1.48200,2.2000,1.8700
17.01.2014 00:03:09.101,1.48401,1.48201,2.8300,1.9100
17.01.2014 00:03:10.658,1.48405,1.48205,1.6600,2.6500
17.01.2014 00:03:12.240,1.48408,1.48208,1.8200,2.2700
17.01.2014 00:03:13.702,1.48408,1.48208,2.9600,2.0800
17.01.2014 00:03:15.011,1.48409,1.48209,1.9600,2.5900
17.01.2014 00:03:16.402,1.48405,1.48205,2.7000,1.0900
17.01.2014 00:03:17.720,1.48404,1.48204,2.8300,2.1900
17.01.2014 00:03:19.101,1.48402,1.48202,1.1500,1.6200
17.01.2014 00:03:20.606,1.48403,1.48203,2.3700,2.0400
17.01.2014 00:03:21.925,1.48403,1.48203,2.6000,2.1100
17.01.2014 00:03:23.412,1.48403,1.48203,2.1700,2.4400
17.01.2014 00:03:24.730,1.48404,1.48204,2.6200,2.1500
17.01.2014 00:03:26.133,1.48402,1.48202,1.4400,1.9900
17.01.2014 00:03:27.512,1.48401,1.48201,2.6000,3.0000
17.01.2014 00:03:28.969,1.48400,1.48200,2.8300,2.7300
17.01.2014 00:03:30.416,1.48401,1.48201,1.9800,1.7600
17.01.2014 00:03:31.769,1.48399,1.48199,1.2900,1.1200
17.01.2014 00:03:33.086,1.48399,1.48199,1.6500,2.3200
17.01.2014 00:03:34.517,1.48398,1.48198,1.6200,1.3400
17.01.2014 00:03:35.946,1.48402,1.48202,2.1300,2.4500
17.01.2014 00:03:37.309,1.48402,1.48202,1.2800,2.0200
17.01.2014 00:03:38.649,1.48402,1.48202,2.6400,2.5300
17.01.2014 00:03:39.949,1.48400,1.48200,2.2700,1.5200
17.01.2014 00:03:41.484,1.48399,1.48199,1.5600,2.0800
17.01.2014 00:03:42.710,1.48399,1.48199,2.3200,2.6500
17.01.2014 00:03:44.286,1.48400,1.48200,1.7600,1.3100
17.01.2014 00:03:45.637,1.48399,1.48199,1.9100,2.4700
17.01.2014 00:03:47.108,1.48397,1.48197,1.5500,2.5900
17.01.2014 00:03:48.537,1.48396,1.48196,2.5400,2.4300
17.01.2014 00:03:49.947,1.48398,1.48198,1.9300,2.2400
17.01.2014 00:03:51.318,1.48399,1.48199,1.8900,1.0700
17.01.2014 00:03:52.790,1.48403,1.48203,1.2500,1.7100
17.01.2014 00:03:54.041,1.48404,1.48204,2.8600,1.1600
17.01.2014 00:03:55.475,1.48407,1.48207,2.6000,2.2200
17.01.2014 00:03:56.933,1.48407,1.48207,1.9300,1.7500
17.01.2014 00:03:58.322,1.48406,1.48206,1.0900,1.2300
17.01.2014 00:03:59.742,1.48405,1.48205,1.3400,2.1600
17.01.2014 00:04:01.184,1.48406,1.48206,2.1400,2.0400
17.01.2014 00:04:02.389,1.48406,1.48206,2.2900,1.7100
17.01.2014 00:04:03.684,1.48402,1.48202,2.5000,1.6500
17.01.2014 00:04:05.017,1.48402,1.48202,2.8500,2.6400
17.01.2014 00:04:06.421,1.48399,1.48199,2.1200,1.1600
17.01.2014 00:04:07.731,1.48399,1.48199,2.5600,2.1500
17.01.2014 00:04:09.190,1.48398,1.48198,2.3700,1.5100
17.01.2014 00:04:10.488,1.48399,1.48199,1.0300,1.4000
17.01.2014 00:04:11.788,1.48398,1.48198,2.8700,2.7500
17.01.2014 00:04:13.215,1.48395,1.48195,2.1400,2.2900
17.01.2014 00:04:14.659,1.48395,1.48195,1.6700,2.1000
17.01.2014 00:04:15.955,1.48396,1.48196,2.9600,1.8200
17.01.2014 00:04:17.373,1.48398,1.48198,1.8300,2.0600
17.01.2014 00:04:18.736,1.48396,1.48196,2.2300,1.2900
17.01.2014 00:04:20.146,1.48398,1.48198,1.9800,1.3500
17.01.2014 00:04:21.446,1.48398,1.48198,2.8200,2.8500
17.01.2014 00:04:22.859,1.48400,1.48200,2.9600,2.4400
17.01.2014 00:04:24.132,1.48402,1.48202,2.7100,2.1700
17.01.2014 00:04:25.708,1.48401,1.48201,2.6400,1.4500
17.01.2014 00:04:27.199,1.48400,1.48200,1.7600,1.7500
17.01.2014 00:04:28.486,1.48401,1.48201,2.5900,1.0800
17.01.2014 00:04:29.662,1.48403,1.48203,2.1400,2.6500
17.01.2014 00:04:31.197,1.48403,1.48203,1.8600,2.2200
17.01.2014 00:04:32.707,1.48401,1.48201,2.3100,1.7000
17.01.2014 00:04:33.894,1.48402,1.48202,1.3100,1.3900
17.01.2014 00:04:35.271,1.48401,1.48201,2.4300,2.8300
17.01.2014 00:04:36.499,1.48399,1.48199,2.9100,1.7500
17.01.2014 00:04:37.936,1.48400,1.48200,1.9100,1.1800
17.01.2014 00:04:39.382,1.48397,1.48197,1.7500,2.9000
17.01.2014 00:04:40.811,1.48396,1.48196,1.0700,2.9100
17.01.2014 00:04:41.984,1.48396,1.48196,1.1800,2.5200
17.01.2014 00:04:43.297,1.48398,1.48198,1.7000,1.1400
17.01.2014 00:04:44.700,1.48400,1.48200,2.1700,2.6800
17.01.2014 00:04:46.220,1.48402,1.48202,1.3100,1.1800
17.01.2014 00:04:47.622,1.48403,1.48203,2.9600,2.7800
17.01.2014 00:04:49.008,1.48402,1.48202,1.4700,1.0200
17.01.2014 00:04:50.297,1.48401,1.48201,1.6900,2.2900
17.01.2014 00:04:51.595,1.48403,1.48203,1.9900,2.4400
17.01.2014 00:04:52.906,1.48402,1.48202,1.1100,2.0900
17.01.2014 00:04:54.359,1.48403,1.48203,2.8600,2.1500
17.01.2014 00:04:55.868,1.48402,1.48202,1.9100,1.3500
17.01.2014 00:04:57.376,1.48405,1.48205,2.9100,1.9100
17.01.2014 00:04:58.726,1.48400,1.48200,1.6900,1.3200
17.01.2014 00:05:00.345,1.48399,1.48199,1.0500,2.2800
17.01.2014 00:05:01.681,1.48400,1.48200,1.4100,2.7100
17.01.2014 00:05:02.979,1.48401,1.48201,2.0100,2.1000
17.01.2014 00:05:04.357,1.48402,1.48202,2.7200,1.6800
17.01.2014 00:05:05.629,1.48403,1.48203,1.7600,2.3000
17.01.2014 00:05:06.905,1.48401,1.48201,1.9200,2.2300
17.01.2014 00:05:08.223,1.48403,1.48203,1.7700,1.2300
17.01.2014 00:05:09.688,1.48403,1.48203,1.6500,1.2700
17.01.2014 00:05:11.267,1.48402,1.48202,2.5200,1.2500
17.01.2014 00:05:12.717,1.48398,1.48198,1.8700,2.7500
17.01.2014 00:05:14.137,1.48400,1.48200,2.2400,1.0100
17.01.2014 00:05:15.463,1.48399,1.48199,1.7200,1.0800
17.01.2014 00:05:16.701,1.48398,1.48198,2.7600,1.5800
17.01.2014 00:05:18.174,1.48400,1.48200,1.1600,1.2600
17.01.2014 00:05:19.619,1.48401,1.48201,2.5600,2.4500
17.01.2014 00:05:21.017,1.48400,1.48200,2.5000,1.9100
17.01.2014 00:05:22.493,1.48402,1.48202,1.9700,2.3000
17.01.2014 00:05:23.822,1.48403,1.48203,1.1200,1.4700
17.01.2014 00:05:25.079,1.48405,1.48205,1.2100,1.3700
17.01.2014 00:05:26.503,1.48405,1.48205,1.5000,2.0400
17.01.2014 00:05:27.925,1.48404,1.48204,2.6900,2.9800
17.01.2014 00:05:29.160,1.48402,1.48202,2.9100,2.3700
17.01.2014 00:05:30.671,1.48401,1.48201,2.0000,1.1100
17.01.2014 00:05:32.100,1.48402,1.48202,2.9200,1.9700
17.01.2014 00:05:33.536,1.48401,1.48201,2.9600,1.5000
17.01.2014 00:05:35.036,1.48404,1.48204,2.9300,2.4300
17.01.2014 00:05:36.419,1.48404,1.48204,1.9200,2.5200
17.01.2014 00:05:37.881,1.48404,1.48204,1.0600,2.6000
17.01.2014 00:05:39.318,1.48401,1.48201,1.9000,2.0500
17.01.2014 00:05:40.667,1.48399,1.48199,2.2200,2.3300
17.01.2014 00:05:42.109,1.48397,1.48197,2.1600,1.0300
17.01.2014 00:05:43.367,1.48398,1.48198,1.5200,2.5700
17.01.2014 00:05:44.812,1.48399,1.48199,2.8000,2.5900
17.01.2014 00:05:46.114,1.48403,1.48203,2.0100,1.8200
17.01.2014 00:05:47.464,1.48402,1.48202,1.6100,1.2800
17.01.2014 00:05:48.833,1.48403,1.48203,2.2500,2.7200
17.01.2014 00:05:50.236,1.48404,1.48204,2.7500,2.0200
17.01.2014 00:05:51.699,1.48403,1.48203,1.1500,1.8800
17.01.2014 00:05:53.215,1.48406,1.48206,1.0800,1.4100
17.01.2014 00:05:54.537,1.48405,1.48205,2.3500,2.8600
17.01.2014 00:05:55.891,1.48407,1.48207,2.8700,1.5100
17.01.2014 00:05:57.322,1.48406,1.48206,2.5700,1.6700
17.01.2014 00:05:58.801,1.48408,1.48208,1.7500,3.0000
17.01.2014 00:05:59.995,1.48408,1.48208,2.9000,1.0400
17.01.2014 00:06:01.388,1.48407,1.48207,2.1400,1.4000
17.01.2014 00:06:02.719,1.48408,1.48208,2.7400,1.9700
17.01.2014 00:06:04.166,1.48409,1.48209,2.6400,2.8400
17.01.2014 00:06:05.458,1.48408,1.48208,2.6600,1.6000
17.01.2014 00:06:06.738,1.48408,1.48208,2.8300,2.7100
17.01.2014 00:06:08.110,1.48410,1.48210,2.9700,2.8600
17.01.2014 00:06:09.584,1.48409,1.48209,2.0900,2.3400
17.01.2014 00:06:11.030,1.48407,1.48207,2.8600,1.0300
17.01.2014 00:06:12.532,1.48408,1.48208,1.6900,2.7800
17.01.2014 00:06:13.764,1.48407,1.48207,3.0000,2.3700
17.01.2014 00:06:15.046,1.48407,1.48207,1.3000,2.5400
17.01.2014 00:06:16.474,1.48405,1.48205,1.3600,1.5700
17.01.2014 00:06:17.918,1.48405,1.48205,1.7100,1.8400
17.01.2014 00:06:19.331,1.48404,1.48204,2.2800,2.1000
17.01.2014 00:06:20.691,1.48405,1.48205,1.1600,2.7400
17.01.2014 00:06:22.153,1.48400,1.48200,2.1400,2.1400
17.01.2014 00:06:23.620,1.48399,1.48199,2.7000,2.5800
17.01.2014 00:06:24.926,1.48401,1.48201,2.1700,1.7000
17.01.2014 00:06:26.340,1.48400,1.48200,2.5400,2.8300
17.01.2014 00:06:27.665,1.48401,1.48201,2.2500,2.0500
17.01.2014 00:06:29.101,1.48400,1.48200,1.7000,2.9400
17.01.2014 00:06:30.565,1.48401,1.48201,2.3000,2.7900
17.01.2014 00:06:32.017,1.48402,1.48202,2.2900,1.8100
17.01.2014 00:06:33.535,1.48400,1.48200,1.3000,2.0600
17.01.2014 00:06:34.891,1.48403,1.48203,1.8000,2.7600
17.01.2014 00:06:36.463,1.48405,1.48205,2.6600,2.3600
17.01.2014 00:06:37.749,1.48404,1.48204,1.1900,1.4800
17.01.2014 00:06:39.225,1.48400,1.48200,1.9600,1.6300
17.01.2014 00:06:40.596,1.48400,1.48200,2.2900,2.1000
17.01.2014 00:06:41.991,1.48401,1.48201,2.3500,2.2100
17.01.2014 00:06:43.395,1.48401,1.48201,2.9700,1.1400
17.01.2014 00:06:44.783,1.48399,1.48199,1.9100,2.0800
17.01.2014 00:06:46.103,1.48399,1.48199,1.0600,1.3000
17.01.2014 00:06:47.471,1.48398,1.48198,2.1500,1.5700
17.01.2014 00:06:48.929,1.48397,1.48197,2.6000,2.2100
17.01.2014 00:06:50.199,1.48396,1.48196,1.6300,1.5800
17.01.2014 00:06:51.677,1.48394,1.48194,2.0700,1.5500
17.01.2014 00:06:53.055,1.48393,1.48193,1.4000,1.8000
17.01.2014 00:06:54.373,1.48393,1.48193,2.7200,2.2100
17.01.2014 00:06:55.559,1.48391,1.48191,1.2500,1.9200
17.01.2014 00:06:57.030,1.48391,1.48191,1.1400,1.9700
17.01.2014 00:06:58.555,1.48389,1.48189,1.4000,1.5200
17.01.2014 00:06:59.851,1.48389,1.48189,2.6300,2.5600
17.01.2014 00:07:01.232,1.48389,1.48189,1.6900,1.5900
17.01.2014 00:07:02.548,1.48387,1.48187,2.0900,2.5400
17.01.2014 00:07:03.873,1.48384,1.48184,1.8200,1.7200
17.01.2014 00:07:05.392,1.48388,1.48188,2.0600,1.2200
17.01.2014 00:07:06.822,1.48388,1.48188,1.6200,2.1400
17.01.2014 00:07:08.458,1.48384,1.48184,2.7100,1.0700
17.01.2014 00:07:09.885,1.48387,1.48187,1.5700,2.6900
17.01.2014 00:07:11.263,1.48386,1.48186,1.8100,2.8000
17.01.2014 00:07:12.587,1.48388,1.48188,2.1400,2.5000
17.01.2014 00:07:14.010,1.48389,1.48189,2.9600,2.2900
17.01.2014 00:07:15.423,1.48390,1.48190,2.9700,2.6500
17.01.2014 00:07:16.985,1.48391,1.48191,1.2900,2.7600
17.01.2014 00:07:18.424,1.48390,1.48190,2.1700,2.0700
17.01.2014 00:07:19.759,1.48389,1.48189,2.7500,1.2800
17.01.2014 00:07:21.138,1.48391,1.48191,1.7700,1.0000
17.01.2014 00:07:22.512,1.48391,1.48191,2.6800,2.2900
17.01.2014 00:07:24.117,1.48389,1.48189,1.1600,1.1700
17.01.2014 00:07:25.511,1.48388,1.48188,1.2100,2.3100
17.01.2014 00:07:27.078,1.48387,1.48187,2.6100,1.2300
17.01.2014 00:07:28.402,1.48389,1.48189,2.9800,2.1100
17.01.2014 00:07:29.910,1.48389,1.48189,2.0400,1.4900
17.01.2014 00:07:31.106,1.48386,1.48186,2.4000,1.9900
17.01.2014 00:07:32.649,1.48385,1.48185,2.3400,2.9200
17.01.2014 00:07:34.095,1.48384,1.48184,2.6400,2.7800
17.01.2014 00:07:35.596,1.48383,1.48183,2.8500,1.7200
17.01.2014 00:07:36.876,1.48384,1.48184,1.1700,1.5100
17.01.2014 00:07:38.449,1.48383,1.48183,1.9700,2.5700
17.01.2014 00:07:39.713,1.48382,1.48182,2.9500,2.7900
17.01.2014 00:07:41.218,1.48379,1.48179,2.1500,1.9800
17.01.2014 00:07:42.608,1.48377,1.48177,1.2500,1.3500
17.01.2014 00:07:44.023,1.48379,1.48179,2.5400,2.9700
17.01.2014 00:07:45.303,1.48381,1.48181,1.5300,1.2100
17.01.2014 00:07:46.467,1.48379,1.48179,1.3400,2.8200
17.01.2014 00:07:47.860,1.48378,1.48178,2.8100,2.0300
17.01.2014 00:07:49.261,1.48380,1.48180,1.4200,1.6200
17.01.2014 00:07:50.729,1.48379,1.48179,2.1200,1.1900
17.01.2014 00:07:52.117,1.48382,1.48182,2.1500,2.5600
17.01.2014 00:07:53.509,1.48383,1.48183,1.0700,1.0200
17.01.2014 00:07:54.911,1.48385,1.48185,1.5100,1.4700
17.01.2014 00:07:56.381,1.48386,1.48186,1.1200,1.8600
17.01.2014 00:07:57.841,1.48385,1.48185,1.2100,1.2700
17.01.2014 00:07:59.124,1.48386,1.48186,1.5000,1.6500
17.01.2014 00:08:00.753,1.48389,1.48189,2.4300,1.2800
17.01.2014 00:08:02.395,1.48389,1.48189,2.9200,1.5000
17.01.2014 00:08:03.781,1.48390,1.48190,1.4100,1.6900
17.01.2014 00:08:05.307,1.48389,1.48189,1.6900,2.3600
17.01.2014 00:08:06.775,1.48390,1.48190,2.5900,2.1500
17.01.2014 00:08:08.141,1.48392,1.48192,2.8200,2.0200
17.01.2014 00:08:09.663,1.48392,1.48192,1.6700,2.3300
17.01.2014 00:08:11.066,1.48393,1.48193,1.4600,1.8000
17.01.2014 00:08:12.422,1.48394,1.48194,1.0800,1.0500
17.01.2014 00:08:13.825,1.48395,1.48195,2.9200,2.8500
17.01.2014 00:08:15.178,1.48394,1.48194,2.4800,1.1500
17.01.2014 00:08:16.499,1.48395,1.48195,2.4000,2.1000
17.01.2014 00:08:17.930,1.48393,1.48193,1.4300,2.3100
17.01.2014 00:08:19.480,1.48392,1.48192,2.4800,1.5600
17.01.2014 00:08:20.811,1.48394,1.48194,1.4100,2.9800
17.01.2014 00:08:22.172,1.48396,1.48196,1.7000,2.8300
17.01.2014 00:08:23.556,1.48395,1.48195,2.4100,2.8100
17.01.2014 00:08:25.178,1.48396,1.48196,1.6100,2.6100
17.01.2014 00:08:26.672,1.48394,1.48194,1.7900,2.6000
17.01.2014 00:08:28.102,1.48392,1.48192,2.3500,1.9300
17.01.2014 00:08:29.365,1.48394,1.48194,1.2900,1.3100
17.01.2014 00:08:30.772,1.48395,1.48195,1.2900,2.6200
17.01.2014 00:08:32.230,1.48394,1.48194,1.5900,1.3100
17.01.2014 00:08:33.751,1.48395,1.48195,2.1600,1.9300
17.01.2014 00:08:35.063,1.48396,1.48196,1.9300,2.3000
17.01.2014 00:08:36.345,1.48396,1.48196,1.6500,2.9100
17.01.2014 00:08:37.669,1.48396,1.48196,1.3800,2.7900
17.01.2014 00:08:38.924,1.48394,1.48194,2.6900,2.4600
17.01.2014 00:08:40.356,1.48395,1.48195,2.2000,1.5700
17.01.2014 00:08:41.953,1.48393,1.48193,2.7700,1.8000
17.01.2014 00:08:43.212,1.48391,1.48191,1.6300,1.7100
17.01.2014 00:08:44.694,1.48392,1.48192,1.0200,2.0700
17.01.2014 00:08:46.215,1.48390,1.48190,2.0600,2.8800
17.01.2014 00:08:47.557,1.48387,1.48187,2.2300,2.7000
17.01.2014 00:08:48.790,1.48386,1.48186,2.1200,2.6800
17.01.2014 00:08:50.115,1.48387,1.48187,1.7500,1.1500
17.01.2014 00:08:51.396,1.48383,1.48183,2.2700,2.7200
17.01.2014 00:08:52.692,1.48384,1.48184,2.4900,2.8300
17.01.2014 00:08:54.220,1.48384,1.48184,1.0200,2.5500
17.01.2014 00:08:55.598,1.48384,1.48184,2.1100,2.4200
17.01.2014 00:08:57.078,1.48385,1.48185,1.5100,1.7900
17.01.2014 00:08:58.575,1.48387,1.48187,2.3700,1.6700
17.01.2014 00:08:59.966,1.48389,1.48189,1.4300,2.7900
17.01.2014 00:09:01.401,1.48388,1.48188,2.7400,2.9500
17.01.2014 00:09:02.992,1.48389,1.48189,2.9900,2.0100
17.01.2014 00:09:04.288,1.48391,1.48191,1.3800,1.4900
17.01.2014 00:09:05.640,1.48393,1.48193,1.1300,2.3700
17.01.2014 00:09:06.946,1.48395,1.48195,2.7900,2.4700
17.01.2014 00:09:08.286,1.48397,1.48197,1.9400,2.2700
17.01.2014 00:09:09.628,1.48398,1.48198,2.5800,2.0700
17.01.2014 00:09:11.008,1.48400,1.48200,1.9400,2.1100
17.01.2014 00:09:12.276,1.48401,1.48201,1.9100,2.5100
17.01.2014 00:09:13.834,1.48400,1.48200,1.4800,1.7000
17.01.2014 00:09:15.210,1.48398,1.48198,2.8500,2.2600
17.01.2014 00:09:16.764,1.48398,1.48198,1.5900,2.9700
17.01.2014 00:09:18.205,1.48397,1.48197,2.6600,2.5400
17.01.2014 00:09:19.547,1.48396,1.48196,1.6200,1.4600
17.01.2014 00:09:20.932,1.48394,1.48194,1.6000,1.5700
17.01.2014 00:09:22.368,1.48395,1.48195,1.3100,1.6700
17.01.2014 00:09:23.622,1.48395,1.48195,1.3600,2.8800
17.01.2014 00:09:25.012,1.48395,1.48195,2.2300,2.5700
17.01.2014 00:09:26.373,1.48396,1.48196,2.0300,2.4100
17.01.2014 00:09:27.614,1.48399,1.48199,2.1900,1.4400
17.01.2014 00:09:28.961,1.48399,1.48199,2.8700,1.5700
17.01.2014 00:09:30.498,1.48398,1.48198,2.8900,2.7400
17.01.2014 00:09:32.034,1.48398,1.48198,1.2900,2.9400
17.01.2014 00:09:33.449,1.48399,1.48199,2.1600,2.8000
17.01.2014 00:09:34.903,1.48398,1.48198,1.2800,2.8700
17.01.2014 00:09:36.331,1.48399,1.48199,1.6900,1.2800
17.01.2014 00:09:37.648,1.48398,1.48198,2.9400,1.8600
17.01.2014 00:09:38.803,1.48399,1.48199,2.9100,1.6400
17.01.2014 00:09:40.255,1.48398,1.48198,1.1300,1.0100
17.01.2014 00:09:41.746,1.48399,1.48199,1.7200,1.6700
17.01.2014 00:09:43.234,1.48397,1.48197,1.6200,2.4800
17.01.2014 00:09:44.682,1.48400,1.48200,1.7100,1.5000
17.01.2014 00:09:46.205,1.48399,1.48199,1.2200,2.6600
17.01.2014 00:09:47.508,1.48400,1.48200,1.0600,1.9000
17.01.2014 00:09:48.843,1.48401,1.48201,1.5700,1.4600
17.01.2014 00:09:50.241,1.48402,1.48202,1.6400,1.5900
17.01.2014 00:09:51.654,1.48403,1.48203,1.9800,1.0100
17.01.2014 00:09:53.057,1.48403,1.48203,1.2800,2.8800
17.01.2014 00:09:54.594,1.48405,1.48205,1.8200,2.7400
17.01.2014 00:09:55.989,1.48406,1.48206,1.6000,2.5700
17.01.2014 00:09:57.311,1.48407,1.48207,1.6400,2.1200
17.01.2014 00:09:58.736,1.48407,1.48207,1.9700,2.0800
17.01.2014 00:10:00.083,1.48405,1.48205,3.0000,1.0500
17.01.2014 00:10:01.524,1.48404,1.48204,2.1000,2.6000
17.01.2014 00:10:02.870,1.48403,1.48203,1.8600,2.0800
17.01.2014 00:10:04.127,1.48402,1.48202,2.4700,1.4800
17.01.2014 00:10:05.571,1.48400,1.48200,1.5500,2.8800
17.01.2014 00:10:07.094,1.48399,1.48199,1.2000,2.1400
17.01.2014 00:10:08.386,1.48399,1.48199,2.8900,2.1700
17.01.2014 00:10:09.777,1.48399,1.48199,1.6600,2.6600
17.01.2014 00:10:11.193,1.48399,1.48199,1.8400,1.7900
17.01.2014 00:10:12.492,1.48398,1.48198,2.8800,2.9000
17.01.2014 00:10:13.895,1.48395,1.48195,1.0900,1.6200
17.01.2014 00:10:15.357,1.48395,1.48195,1.5000,2.8300
17.01.2014 00:10:16.763,1.48395,1.48195,2.6600,1.9500
17.01.2014 00:10:18.106,1.48395,1.48195,2.0700,1.6000
17.01.2014 00:10:19.580,1.48396,1.48196,2.3700,2.7700
17.01.2014 00:10:21.109,1.48396,1.48196,1.3700,1.4400
17.01.2014 00:10:22.513,1.48394,1.48194,2.7100,2.5000
17.01.2014 00:10:24.044,1.48396,1.48196,2.6400,2.6400
17.01.2014 00:10:25.242,1.48394,1.48194,1.6300,2.7300
17.01.2014 00:10:26.486,1.48396,1.48196,2.2900,2.2700
17.01.2014 00:10:27.993,1.48398,1.48198,2.0300,1.6800
17.01.2014 00:10:29.461,1.48399,1.48199,1.2600,1.9500
17.01.2014 00:10:30.979,1.48397,1.48197,1.2900,2.2500
17.01.2014 00:10:32.259,1.48397,1.48197,1.7100,1.5300
17.01.2014 00:10:33.754,1.48400,1.48200,2.5400,2.4100
17.01.2014 00:10:35.199,1.48399,1.48199,2.5300,1.5400
17.01.2014 00:10:36.798,1.48398,1.48198,2.7900,2.7000
17.01.2014 00:10:38.229,1.48398,1.48198,2.7700,2.9500
17.01.2014 00:10:39.702,1.48398,1.48198,2.3600,2.3600
17.01.2014 00:10:41.113,1.48399,1.48199,1.9800,1.4700
17.01.2014 00:10:42.479,1.48398,1.48198,1.3800,1.7900
17.01.2014 00:10:43.936,1.48396,1.48196,2.1200,1.9700
17.01.2014 00:10:45.469,1.48398,1.48198,2.2100,2.9400
17.01.2014 00:10:46.964,1.48397,1.48197,2.1700,1.4400
17.01.2014 00:10:48.357,1.48394,1.48194,2.1000,1.9900
17.01.2014 00:10:49.620,1.48394,1.48194,2.5900,2.6900
17.01.2014 00:10:50.949,1.48394,1.48194,2.9900,1.6300
17.01.2014 00:10:52.403,1.48395,1.48195,1.3000,2.4300
17.01.2014 00:10:53.854,1.48393,1.48193,1.2100,2.4300
17.01.2014 00:10:55.220,1.48394,1.48194,2.5200,1.3500
17.01.2014 00:10:56.570,1.48398,1.48198,1.4600,2.8800
17.01.2014 00:10:58.026,1.48401,1.48201,1.3600,2.5000
17.01.2014 00:10:59.342,1.48400,1.48200,2.2700,1.8600
17.01.2014 00:11:00.846,1.48400,1.48200,1.4700,2.5900
17.01.2014 00:11:02.074,1.48398,1.48198,1.2700,1.7200
17.01.2014 00:11:03.490,1.48399,1.48199,2.5500,1.8200
17.01.2014 00:11:04.956,1.48399,1.48199,2.5300,2.6200
17.01.2014 00:11:06.329,1.48399,1.48199,1.3200,2.2000
17.01.2014 00:11:07.622,1.48401,1.48201,1.1100,1.7700
17.01.2014 00:11:08.803,1.48402,1.48202,1.5500,1.8500
17.01.2014 00:11:10.191,1.48403,1.48203,2.2300,2.6700
17.01.2014 00:11:11.545,1.48404,1.48204,1.6200,2.1100
17.01.2014 00:11:12.861,1.48406,1.48206,1.3100,1.1500
17.01.2014 00:11:14.339,1.48406,1.48206,1.3300,2.3300
17.01.2014 00:11:15.769,1.48406,1.48206,1.4800,1.1900
17.01.2014 00:11:17.067,1.48410,1.48210,1.4000,2.9800
17.01.2014 00:11:18.380,1.48408,1.48208,1.9500,1.8500
17.01.2014 00:11:19.784,1.48410,1.48210,2.9200,2.4300
17.01.2014 00:11:21.169,1.48412,1.48212,1.9700,2.4000
17.01.2014 00:11:22.525,1.48414,1.48214,2.9300,1.9800
17.01.2014 00:11:23.955,1.48413,1.48213,1.0200,1.8800
17.01.2014 00:11:25.413,1.48414,1.48214,1.7300,1.9600
17.01.2014 00:11:26.849,1.48416,1.48216,1.9400,2.3100
17.01.2014 00:11:28.238,1.48417,1.48217,1.1900,1.9000
17.01.2014 00:11:29.558,1.48417,1.48217,2.8800,2.9700
17.01.2014 00:11:30.764,1.48416,1.48216,2.7400,2.8100
17.01.2014 00:11:32.231,1.48415,1.48215,2.0300,1.7100
17.01.2014 00:11:33.707,1.48413,1.48213,1.3000,2.9000
17.01.2014 00:11:35.040,1.48414,1.48214,1.4800,1.0000
17.01.2014 00:11:36.445,1.48410,1.48210,1.3800,1.4500
17.01.2014 00:11:37.783,1.48408,1.48208,2.2200,2.9300
17.01.2014 00:11:39.232,1.48405,1.48205,1.7200,1.0000
17.01.2014 00:11:40.651,1.48404,1.48204,1.1100,2.6100
17.01.2014 00:11:42.127,1.48406,1.48206,1.4100,1.3100
17.01.2014 00:11:43.655,1.48406,1.48206,1.7900,1.8000
17.01.2014 00:11:45.046,1.48404,1.48204,1.6100,1.4000
17.01.2014 00:11:46.424,1.48401,1.48201,1.7100,2.7800
17.01.2014 00:11:47.878,1.48402,1.48202,2.1500,1.3600
17.01.2014 00:11:49.285,1.48398,1.48198,2.3800,2.9600
17.01.2014 00:11:50.726,1.48396,1.48196,2.0300,1.1600
17.01.2014 00:11:52.136,1.48395,1.48195,2.9800,1.9900
17.01.2014 00:11:53.580,1.48397,1.48197,1.6000,1.3000
17.01.2014 00:11:55.113,1.48397,1.48197,1.2700,1.4100
17.01.2014 00:11:56.526,1.48397,1.48197,2.2400,2.9800
17.01.2014 00:11:57.744,1.48398,1.48198,2.7300,2.5600
17.01.2014 00:11:59.228,1.48398,1.48198,2.9800,2.8100
17.01.2014 00:12:00.590,1.48399,1.48199,1.3600,2.4900
17.01.2014 00:12:02.038,1.48402,1.48202,2.6200,2.7300
17.01.2014 00:12:03.281,1.48402,1.48202,2.1900,2.4100
17.01.2014 00:12:04.451,1.48401,1.48201,2.5000,1.8600
17.01.2014 00:12:05.766,1.48400,1.48200,1.6800,1.6300
17.01.2014 00:12:07.264,1.48404,1.48204,1.4900,1.3300
17.01.2014 00:12:08.638,1.48402,1.48202,2.8000,2.3600
17.01.2014 00:12:10.147,1.48402,1.48202,2.9900,2.0500
17.01.2014 00:12:11.664,1.48403,1.48203,1.7600,2.1000
17.01.2014 00:12:13.156,1.48400,1.48200,2.3000,1.0100
17.01.2014 00:12:14.505,1.48400,1.48200,1.9500,1.4300
17.01.2014 00:12:15.812,1.48401,1.48201,1.4100,2.9600
17.01.2014 00:12:17.365,1.48399,1.48199,2.8400,2.3700
17.01.2014 00:12:18.793,1.48400,1.48200,2.4200,1.2600
17.01.2014 00:12:20.207,1.48401,1.48201,2.9700,1.3400
17.01.2014 00:12:21.492,1.48401,1.48201,1.6300,2.2000
17.01.2014 00:12:22.927,1.48402,1.48202,1.5100,1.9700
17.01.2014 00:12:24.501,1.48400,1.48200,1.8100,2.9200
17.01.2014 00:12:26.036,1.48401,1.48201,1.2100,1.6700
17.01.2014 00:12:27.462,1.48403,1.48203,2.4400,2.1000
17.01.2014 00:12:28.919,1.48402,1.48202,1.0800,2.9700
17.01.2014 00:12:30.377,1.48401,1.48201,2.6600,2.5200
17.01.2014 00:12:31.822,1.48401,1.48201,2.5900,2.3700
17.01.2014 00:12:33.164,1.48401,1.48201,1.9000,2.7900
17.01.2014 00:12:34.456,1.48401,1.48201,2.9200,1.5100
17.01.2014 00:12:35.854,1.48403,1.48203,1.3400,2.0000
17.01.2014 00:12:37.192,1.48403,1.48203,1.2600,1.2200
17.01.2014 00:12:38.536,1.48404,1.48204,1.5600,2.2600
17.01.2014 00:12:39.800,1.48406,1.48206,1.3300,1.6900
17.01.2014 00:12:41.080,1.48406,1.48206,2.0300,1.0400
17.01.2014 00:12:42.399,1.48408,1.48208,2.7800,1.2200
17.01.2014 00:12:43.716,1.48408,1.48208,2.4500,1.8500
17.01.2014 00:12:45.237,1.48409,1.48209,1.3200,1.8500
17.01.2014 00:12:46.633,1.48410,1.48210,1.6300,1.8000
17.01.2014 00:12:48.048,1.48408,1.48208,2.2100,2.9600
17.01.2014 00:12:49.526,1.48407,1.48207,2.2000,2.2100
17.01.2014 00:12:50.729,1.48407,1.48207,1.9300,2.4000
17.01.2014 00:12:52.214,1.48407,1.48207,2.5600,1.5400
17.01.2014 00:12:53.760,1.48408,1.48208,1.8700,2.7100
17.01.2014 00:12:55.185,1.48407,1.48207,2.3000,2.7400
17.01.2014 00:12:56.591,1.48406,1.48206,1.9700,1.2500
17.01.2014 00:12:57.948,1.48406,1.48206,2.4800,1.9900
17.01.2014 00:12:59.271,1.48408,1.48208,1.7400,1.5600
17.01.2014 00:13:00.915,1.48409,1.48209,1.4700,2.0300
17.01.2014 00:13:02.471,1.48410,1.48210,2.4000,2.6100
17.01.2014 00:13:03.921,1.48409,1.48209,1.3900,1.9300
17.01.2014 00:13:05.568,1.48406,1.48206,1.4200,1.2100
17.01.2014 00:13:07.042,1.48405,1.48205,2.1300,2.4700
17.01.2014 00:13:08.560,1.48405,1.48205,2.8200,1.5700
17.01.2014 00:13:10.109,1.48407,1.48207,1.1200,1.1700
17.01.2014 00:13:11.678,1.48409,1.48209,1.2800,2.4100
17.01.2014 00:13:13.260,1.48407,1.48207,1.3300,2.9100
17.01.2014 00:13:14.566,1.48406,1.48206,1.3500,1.6700
17.01.2014 00:13:15.833,1.48409,1.48209,2.0800,2.3500
17.01.2014 00:13:17.167,1.48409,1.48209,1.2500,1.3800
17.01.2014 00:13:18.575,1.48408,1.48208,1.1800,1.0800
17.01.2014 00:13:19.880,1.48406,1.48206,2.0900,2.2300
17.01.2014 00:13:21.447,1.48405,1.48205,2.5500,2.0800
17.01.2014 00:13:22.820,1.48405,1.48205,1.4100,1.9400
17.01.2014 00:13:24.232,1.48403,1.48203,1.1600,1.9900
17.01.2014 00:13:25.637,1.48401,1.48201,1.7400,2.6200
17.01.2014 00:13:27.041,1.48402,1.48202,2.8800,1.4400
17.01.2014 00:13:28.461,1.48405,1.48205,2.9400,2.6400
17.01.2014 00:13:29.918,1.48404,1.48204,1.9200,2.3400
17.01.2014 00:13:31.339,1.48405,1.48205,2.0300,1.4600
17.01.2014 00:13:32.656,1.48405,1.48205,2.8500,2.7100
17.01.2014 00:13:34.042,1.48405,1.48205,1.0100,1.5000
17.01.2014 00:13:35.280,1.48408,1.48208,2.2400,2.5000
17.01.2014 00:13:36.747,1.48404,1.48204,1.5100,1.3600
17.01.2014 00:13:38.365,1.48403,1.48203,2.9600,2.8400
17.01.2014 00:13:39.571,1.48403,1.48203,1.8500,1.0500
17.01.2014 00:13:41.042,1.48406,1.48206,1.9000,2.5500
17.01.2014 00:13:42.411,1.48408,1.48208,2.0300,2.8500
17.01.2014 00:13:43.766,1.48408,1.48208,2.1200,1.4800
17.01.2014 00:13:45.235,1.48407,1.48207,2.2800,1.1100
17.01.2014 00:13:46.636,1.48407,1.48207,1.7000,2.6900
17.01.2014 00:13:48.032,1.48408,1.48208,2.5300,2.9000
17.01.2014 00:13:49.493,1.48407,1.48207,1.1600,2.6800
17.01.2014 00:13:50.920,1.48405,1.48205,1.0400,1.7000
17.01.2014 00:13:52.351,1.48405,1.48205,2.7000,2.0700
17.01.2014 00:13:53.928,1.48409,1.48209,3.0000,2.2100
17.01.2014 00:13:55.512,1.48409,1.48209,2.6200,2.6900
17.01.2014 00:13:56.995,1.48410,1.48210,2.1300,2.6500
17.01.2014 00:13:58.377,1.48412,1.48212,1.8100,2.9100
17.01.2014 00:13:59.783,1.48412,1.48212,1.0500,2.9400
17.01.2014 00:14:01.273,1.48412,1.48212,1.9000,1.0100
17.01.2014 00:14:02.749,1.48412,1.48212,2.5300,1.8000
17.01.2014 00:14:04.407,1.48413,1.48213,1.3200,2.9100
17.01.2014 00:14:05.868,1.48412,1.48212,1.2100,1.9100
17.01.2014 00:14:07.348,1.48411,1.48211,1.6000,1.4500
17.01.2014 00:14:08.721,1.48411,1.48211,1.7100,2.1900
17.01.2014 00:14:10.233,1.48412,1.48212,2.3600,1.7600
17.01.2014 00:14:11.661,1.48411,1.48211,1.0100,1.4800
17.01.2014 00:14:13.099,1.48410,1.48210,2.7400,2.2300
17.01.2014 00:14:14.559,1.48409,1.48209,2.5200,2.7100
17.01.2014 00:14:15.760,1.48410,1.48210,2.2100,1.0600
17.01.2014 00:14:17.326,1.48409,1.48209,1.9800,2.6500
17.01.2014 00:14:18.804,1.48412,1.48212,1.2200,2.4300
17.01.2014 00:14:20.073,1.48409,1.48209,2.7700,2.4300
17.01.2014 00:14:21.661,1.48409,1.48209,2.6100,1.1500
17.01.2014 00:14:23.008,1.48409,1.48209,1.5800,2.7900
17.01.2014 00:14:24.547,1.48409,1.48209,1.7300,2.3100
17.01.2014 00:14:26.018,1.48409,1.48209,2.3600,1.1200
17.01.2014 00:14:27.442,1.48409,1.48209,1.7400,2.0900
17.01.2014 00:14:28.648,1.48408,1.48208,1.6500,1.1500
17.01.2014 00:14:30.207,1.48410,1.48210,1.7000,2.3800
17.01.2014 00:14:31.682,1.48408,1.48208,2.0000,2.5500
17.01.2014 00:14:33.196,1.48408,1.48208,1.9200,1.0100
17.01.2014 00:14:34.698,1.48407,1.48207,1.8300,1.0600
17.01.2014 00:14:36.118,1.48407,1.48207,1.1700,2.4700
17.01.2014 00:14:37.527,1.48406,1.48206,1.3000,1.9800
17.01.2014 00:14:38.775,1.48408,1.48208,2.6500,2.5600
17.01.2014 00:14:40.119,1.48408,1.48208,1.8100,2.6900
17.01.2014 00:14:41.607,1.48407,1.48207,1.4900,1.6000
17.01.2014 00:14:43.099,1.48406,1.48206,2.2200,1.1000
17.01.2014 00:14:44.462,1.48406,1.48206,1.4200,1.0400
17.01.2014 00:14:45.861,1.48405,1.48205,1.3200,1.7400
17.01.2014 00:14:47.232,1.48405,1.48205,1.2100,1.1500
17.01.2014 00:14:48.565,1.48407,1.48207,1.4700,2.5900
17.01.2014 00:14:49.878,1.48407,1.48207,2.3900,2.8500
17.01.2014 00:14:51.107,1.48408,1.48208,2.0600,1.0900
17.01.2014 00:14:52.574,1.48406,1.48206,2.9800,1.3100
17.01.2014 00:14:54.012,1.48405,1.48205,2.0300,2.1700
17.01.2014 00:14:55.317,1.48402,1.48202,2.2200,2.3100
17.01.2014 00:14:56.819,1.48400,1.48200,1.6100,2.5000
17.01.2014 00:14:58.057,1.48401,1.48201,1.0800,1.2500
17.01.2014 00:14:59.455,1.48402,1.48202,2.7200,2.7300
17.01.2014 00:15:00.743,1.48403,1.48203,2.9700,2.2800
17.01.2014 00:15:02.230,1.48403,1.48203,1.5700,2.1600
17.01.2014 00:15:03.494,1.48403,1.48203,1.4700,1.3700
17.01.2014 00:15:04.915,1.48402,1.48202,1.5100,1.7000
17.01.2014 00:15:06.312,1.48402,1.48202,2.9600,1.4600
17.01.2014 00:15:07.751,1.48402,1.48202,2.6200,1.9900
17.01.2014 00:15:09.232,1.48401,1.48201,1.0200,1.6800
17.01.2014 00:15:10.680,1.48400,1.48200,1.2300,1.3500
17.01.2014 00:15:12.150,1.48402,1.48202,2.6900,1.4300
17.01.2014 00:15:13.781,1.48402,1.48202,2.6300,2.9200
17.01.2014 00:15:15.214,1.48401,1.48201,1.9100,2.1600
17.01.2014 00:15:16.537,1.48402,1.48202,2.8100,2.8600
17.01.2014 00:15:17.980,1.48400,1.48200,2.8900,2.8900
17.01.2014 00:15:19.358,1.48399,1.48199,2.9600,2.7400
17.01.2014 00:15:20.863,1.48399,1.48199,1.9800,1.9800
17.01.2014 00:15:22.145,1.48400,1.48200,1.6200,1.8200
17.01.2014 00:15:23.446,1.48400,1.48200,2.2800,1.2200
17.01.2014 00:15:24.874,1.48402,1.48202,2.3000,2.7800
17.01.2014 00:15:26.248,1.48403,1.48203,2.2900,2.4800
17.01.2014 00:15:27.680,1.48404,1.48204,1.7900,2.2000
17.01.2014 00:15:29.101,1.48404,1.48204,1.0200,1.7600
17.01.2014 00:15:30.610,1.48405,1.48205,2.0900,1.5200
17.01.2014 00:15:32.004,1.48403,1.48203,2.4400,1.4600
17.01.2014 00:15:33.550,1.48404,1.48204,1.4100,2.0100
17.01.2014 00:15:34.929,1.48400,1.48200,1.0700,1.9700
17.01.2014 00:15:36.470,1.48402,1.48202,2.4300,2.8900
17.01.2014 00:15:37.856,1.48400,1.48200,1.6500,1.2600
17.01.2014 00:15:39.297,1.48400,1.48200,2.3000,1.7800
17.01.2014 00:15:40.683,1.48402,1.48202,1.2600,1.3000
17.01.2014 00:15:41.959,1.48402,1.48202,2.4700,1.1500
17.01.2014 00:15:43.364,1.48399,1.48199,2.8600,1.7300
17.01.2014 00:15:44.821,1.48398,1.48198,1.8300,2.6100
17.01.2014 00:15:46.066,1.48400,1.48200,2.7500,1.4200
17.01.2014 00:15:47.330,1.48399,1.48199,1.1100,1.9500
17.01.2014 00:15:48.701,1.48399,1.48199,2.7900,2.8900
17.01.2014 00:15:50.096,1.48397,1.48197,1.4600,1.6300
17.01.2014 00:15:51.580,1.48397,1.48197,1.3100,1.3300
17.01.2014 00:15:52.794,1.48397,1.48197,1.4300,2.1400
17.01.2014 00:15:54.213,1.48398,1.48198,2.3400,2.1000
17.01.2014 00:15:55.595,1.48396,1.48196,1.2100,1.2000
17.01.2014 00:15:56.940,1.48395,1.48195,2.8000,2.5600
17.01.2014 00:15:58.309,1.48392,1.48192,1.4800,1.1600
17.01.2014 00:15:59.590,1.48395,1.48195,2.3600,2.5600
17.01.2014 00:16:00.966,1.48395,1.48195,2.8800,1.2000
17.01.2014 00:16:02.347,1.48396,1.48196,1.0300,1.2400
17.01.2014 00:16:03.700,1.48396,1.48196,1.1800,2.6400
17.01.2014 00:16:05.326,1.48394,1.48194,1.2100,1.1000
17.01.2014 00:16:06.610,1.48393,1.48193,1.2900,1.0600
17.01.2014 00:16:08.080,1.48394,1.48194,1.8900,2.9400
17.01.2014 00:16:09.351,1.48394,1.48194,1.2200,2.2200
17.01.2014 00:16:10.735,1.48395,1.48195,1.5700,1.8200
17.01.2014 00:16:12.030,1.48393,1.48193,2.7300,2.6800
17.01.2014 00:16:13.514,1.48391,1.48191,1.6800,2.9000
17.01.2014 00:16:14.992,1.48391,1.48191,2.2200,1.9000
17.01.2014 00:16:16.226,1.48391,1.48191,2.9200,2.8900
17.01.2014 00:16:17.715,1.48394,1.48194,2.3800,1.6500
17.01.2014 00:16:19.070,1.48397,1.48197,1.3700,1.9500
17.01.2014 00:16:20.453,1.48397,1.48197,2.4600,2.6700
17.01.2014 00:16:21.747,1.48397,1.48197,2.0500,2.8500
17.01.2014 00:16:23.109,1.48399,1.48199,2.9300,1.8100
17.01.2014 00:16:24.531,1.48399,1.48199,1.6200,1.1800
17.01.2014 00:16:25.883,1.48401,1.48201,1.9000,1.1200
17.01.2014 00:16:27.313,1.48404,1.48204,1.7700,2.6200
17.01.2014 00:16:28.733,1.48403,1.48203,2.2400,2.9900
17.01.2014 00:16:30.371,1.48404,1.48204,1.5300,2.6800
17.01.2014 00:16:31.725,1.48405,1.48205,1.0500,2.1300
17.01.2014 00:16:33.211,1.48407,1.48207,2.0700,2.9900
17.01.2014 00:16:34.613,1.48408,1.48208,1.9400,1.0900
17.01.2014 00:16:36.073,1.48409,1.48209,2.6700,1.0500
17.01.2014 00:16:37.343,1.48407,1.48207,2.2800,1.4500
17.01.2014 00:16:38.614,1.48405,1.48205,2.9600,1.7000
17.01.2014 00:16:39.915,1.48404,1.48204,2.7600,1.5500
17.01.2014 00:16:41.397,1.48403,1.48203,1.5500,2.7400
17.01.2014 00:16:43.053,1.48405,1.48205,2.1200,1.4900
17.01.2014 00:16:44.494,1.48402,1.48202,1.6400,2.7100
17.01.2014 00:16:45.954,1.48401,1.48201,2.5200,2.0900
17.01.2014 00:16:47.376,1.48402,1.48202,1.7300,2.6300
17.01.2014 00:16:48.696,1.48404,1.48204,2.6800,2.2000
17.01.2014 00:16:50.165,1.48404,1.48204,2.4600,2.4500
17.01.2014 00:16:51.635,1.48402,1.48202,1.1800,2.6900
17.01.2014 00:16:53.099,1.48405,1.48205,1.7500,1.8100
17.01.2014 00:16:54.583,1.48405,1.48205,2.0000,2.4100
17.01.2014 00:16:56.004,1.48406,1.48206,2.9000,1.5900
17.01.2014 00:16:57.351,1.48406,1.48206,2.5600,1.4500
17.01.2014 00:16:58.885,1.48405,1.48205,1.5700,1.3700
17.01.2014 00:17:00.245,1.48408,1.48208,2.1800,1.4300
17.01.2014 00:17:01.723,1.48408,1.48208,1.5800,1.8000
17.01.2014 00:17:03.057,1.48408,1.48208,2.1400,1.8800
17.01.2014 00:17:04.429,1.48408,1.48208,2.0100,1.8300
17.01.2014 00:17:05.796,1.48408,1.48208,2.5600,1.0700
17.01.2014 00:17:07.439,1.48412,1.48212,1.3800,1.3200
17.01.2014 00:17:08.830,1.48412,1.48212,2.7000,1.0500
17.01.2014 00:17:10.179,1.48412,1.48212,2.9000,1.5000
17.01.2014 00:17:11.585,1.48410,1.48210,1.1100,2.4000
17.01.2014 00:17:12.970,1.48409,1.48209,1.2700,2.8000
17.01.2014 00:17:14.301,1.48410,1.48210,2.4600,2.5100
17.01.2014 00:17:15.649,1.48408,1.48208,2.1100,1.9000
17.01.2014 00:17:17.037,1.48406,1.48206,1.9500,1.6800
17.01.2014 00:17:18.473,1.48407,1.48207,2.8200,2.2300
17.01.2014 00:17:19.801,1.48410,1.48210,2.8200,2.3100
17.01.2014 00:17:21.334,1.48412,1.48212,1.9200,2.4900
17.01.2014 00:17:22.759,1.48412,1.48212,2.9800,2.4100
17.01.2014 00:17:24.108,1.48413,1.48213,1.1700,2.2400
17.01.2014 00:17:25.574,1.48411,1.48211,1.6900,2.6700
17.01.2014 00:17:27.093,1.48412,1.48212,2.3200,2.9700
17.01.2014 00:17:28.417,1.48413,1.48213,1.7900,1.2800
17.01.2014 00:17:29.810,1.48412,1.48212,1.8300,1.4500
17.01.2014 00:17:31.301,1.48410,1.48210,1.8800,2.0100
17.01.2014 00:17:32.621,1.48408,1.48208,1.8000,1.1500
17.01.2014 00:17:34.106,1.48411,1.48211,2.4800,1.7800
17.01.2014 00:17:35.468,1.48410,1.48210,2.4500,1.1400
17.01.2014 00:17:36.734,1.48411,1.48211,1.9700,1.3000
17.01.2014 00:17:38.186,1.48407,1.48207,1.5300,1.4500
17.01.2014 00:17:39.638,1.48409,1.48209,2.2200,1.5300
17.01.2014 00:17:41.173,1.48410,1.48210,2.9500,2.1100
17.01.2014 00:17:42.408,1.48410,1.48210,2.7200,2.1900
17.01.2014 00:17:43.860,1.48411,1.48211,1.8300,2.4700
17.01.2014 00:17:45.080,1.48411,1.48211,2.7300,1.1700
17.01.2014 00:17:46.454,1.48408,1.48208,2.2300,2.3900
17.01.2014 00:17:47.794,1.48410,1.48210,1.0700,2.1000
17.01.2014 00:17:49.130,1.48410,1.48210,1.5500,1.0500
17.01.2014 00:17:50.630,1.48408,1.48208,1.7100,1.5900
17.01.2014 00:17:52.038,1.48412,1.48212,2.4700,2.7000
17.01.2014 00:17:53.329,1.48415,1.48215,2.7900,1.0000
17.01.2014 00:17:54.723,1.48416,1.48216,1.2200,1.9200
17.01.2014 00:17:55.997,1.48416,1.48216,2.6900,1.7700
17.01.2014 00:17:57.400,1.48417,1.48217,2.2500,1.7500
17.01.2014 00:17:58.866,1.48415,1.48215,1.2300,1.7900
17.01.2014 00:18:00.327,1.48414,1.48214,1.7600,2.8000
17.01.2014 00:18:01.678,1.48411,1.48211,1.7100,2.8800
17.01.2014 00:18:02.912,1.48410,1.48210,2.7400,1.5200
17.01.2014 00:18:04.581,1.48410,1.48210,1.4200,2.2700
17.01.2014 00:18:06.055,1.48410,1.48210,2.5800,2.4800
17.01.2014 00:18:07.248,1.48410,1.48210,2.1200,1.8500
17.01.2014 00:18:08.737,1.48408,1.48208,2.4700,1.9300
17.01.2014 00:18:10.139,1.48410,1.48210,1.4100,1.5900
17.01.2014 00:18:11.412,1.48412,1.48212,2.9800,1.6200
17.01.2014 00:18:12.878,1.48412,1.48212,2.9000,1.6100
17.01.2014 00:18:14.288,1.48410,1.48210,2.6400,1.0300
17.01.2014 00:18:15.664,1.48408,1.48208,1.3100,2.4600
17.01.2014 00:18:17.195,1.48408,1.48208,2.1700,2.9800
17.01.2014 00:18:18.660,1.48408,1.48208,2.9100,2.9500
17.01.2014 00:18:19.936,1.48405,1.48205,1.3300,1.5700
17.01.2014 00:18:21.202,1.48407,1.48207,1.3200,1.2200
17.01.2014 00:18:22.573,1.48410,1.48210,2.8400,1.5300
17.01.2014 00:18:23.941,1.48411,1.48211,2.6000,2.6700
17.01.2014 00:18:25.178,1.48411,1.48211,2.2900,2.9900
17.01.2014 00:18:26.510,1.48410,1.48210,2.0700,1.4800
17.01.2014 00:18:27.787,1.48409,1.48209,2.0100,1.9200
17.01.2014 00:18:29.207,1.48409,1.48209,2.6800,1.6000
17.01.2014 00:18:30.586,1.48406,1.48206,2.7800,1.0800
17.01.2014 00:18:32.122,1.48408,1.48208,1.3200,2.8000
17.01.2014 00:18:33.585,1.48408,1.48208,2.8900,1.6200
17.01.2014 00:18:35.025,1.48410,1.48210,2.4800,2.1800
17.01.2014 00:18:36.513,1.48408,1.48208,1.4500,2.8000
17.01.2014 00:18:37.884,1.48407,1.48207,1.7600,2.7800
17.01.2014 00:18:39.090,1.48406,1.48206,2.6300,2.3200
17.01.2014 00:18:40.586,1.48403,1.48203,1.7200,2.9300
17.01.2014 00:18:41.791,1.48405,1.48205,2.8000,2.3300
17.01.2014 00:18:43.420,1.48406,1.48206,2.1900,2.1000
17.01.2014 00:18:44.778,1.48406,1.48206,2.8100,1.3400
17.01.2014 00:18:46.117,1.48406,1.48206,1.3200,2.1500
17.01.2014 00:18:47.539,1.48406,1.48206,2.0400,1.1200
17.01.2014 00:18:48.991,1.48406,1.48206,1.4900,2.7500
17.01.2014 00:18:50.349,1.48408,1.48208,1.7500,2.6800
17.01.2014 00:18:51.812,1.48407,1.48207,1.2000,1.8900
17.01.2014 00:18:53.306,1.48409,1.48209,1.9300,1.8900
17.01.2014 00:18:54.638,1.48408,1.48208,2.6400,1.1500
17.01.2014 00:18:55.936,1.48411,1.48211,2.2500,2.2100
17.01.2014 00:18:57.393,1.48410,1.48210,3.0000,2.4300
17.01.2014 00:18:58.918,1.48410,1.48210,1.2100,2.3700
17.01.2014 00:19:00.404,1.48409,1.48209,2.0700,1.7700
17.01.2014 00:19:01.761,1.48407,1.48207,2.4700,2.8700
17.01.2014 00:19:03.134,1.48406,1.48206,2.6700,2.0900
17.01.2014 00:19:04.505,1.48408,1.48208,2.5500,1.6700
17.01.2014 00:19:05.926,1.48410,1.48210,1.3100,2.6800
17.01.2014 00:19:07.313,1.48411,1.48211,2.3900,1.9400
17.01.2014 00:19:08.837,1.48410,1.48210,1.8400,1.6900
17.01.2014 00:19:10.240,1.48408,1.48208,2.0000,2.6600
17.01.2014 00:19:11.658,1.48406,1.48206,1.1500,1.3900
17.01.2014 00:19:13.030,1.48407,1.48207,2.7400,1.5500
17.01.2014 00:19:14.542,1.48409,1.48209,1.7900,1.1300
17.01.2014 00:19:15.920,1.48408,1.48208,1.0200,2.7900
17.01.2014 00:19:17.376,1.48411,1.48211,1.9000,2.9100
17.01.2014 00:19:18.653,1.48411,1.48211,2.0800,2.1700
17.01.2014 00:19:20.015,1.48408,1.48208,2.3300,2.6400
17.01.2014 00:19:21.495,1.48409,1.48209,1.6000,1.0000
17.01.2014 00:19:22.970,1.48405,1.48205,1.9300,1.3100
17.01.2014 00:19:24.444,1.48404,1.48204,2.6200,1.8500
17.01.2014 00:19:25.975,1.48404,1.48204,2.7300,2.4500
17.01.2014 00:19:27.320,1.48404,1.48204,1.8800,2.5300
17.01.2014 00:19:28.865,1.48405,1.48205,2.9800,1.3600
17.01.2014 00:19:30.343,1.48406,1.48206,2.0000,1.6400
17.01.2014 00:19:31.758,1.48407,1.48207,1.7700,1.8800
17.01.2014 00:19:33.142,1.48407,1.48207,2.6700,2.2300
17.01.2014 00:19:34.476,1.48406,1.48206,1.2400,2.2000
17.01.2014 00:19:36.023,1.48409,1.48209,2.0100,2.0000
17.01.2014 00:19:37.345,1.48408,1.48208,2.6500,2.1800
17.01.2014 00:19:38.695,1.48407,1.48207,1.0200,2.6600
17.01.2014 00:19:40.131,1.48407,1.48207,1.3500,1.1300
17.01.2014 00:19:41.399,1.48406,1.48206,2.4900,1.9100
17.01.2014 00:19:42.845,1.48408,1.48208,1.7700,1.3000
17.01.2014 00:19:44.250,1.48405,1.48205,2.0600,2.3600
17.01.2014 00:19:45.696,1.48404,1.48204,2.5000,2.3800
17.01.2014 00:19:47.074,1.48404,1.48204,1.0600,1.7600
17.01.2014 00:19:48.493,1.48405,1.48205,2.8900,1.5700
17.01.2014 00:19:50.055,1.48405,1.48205,1.6800,2.1300
17.01.2014 00:19:51.594,1.48403,1.48203,2.8200,1.4600
17.01.2014 00:19:52.928,1.48403,1.48203,2.9600,2.8300
17.01.2014 00:19:54.126,1.48404,1.48204,1.7500,2.4300
17.01.2014 00:19:55.557,1.48400,1.48200,2.2400,1.1800
17.01.2014 00:19:56.998,1.48401,1.48201,2.6200,1.7800
17.01.2014 00:19:58.400,1.48400,1.48200,1.3600,2.3400
17.01.2014 00:19:59.929,1.48400,1.48200,2.1500,1.6200
17.01.2014 00:20:01.228,1.48399,1.48199,1.1400,2.6900
17.01.2014 00:20:02.772,1.48400,1.48200,1.2300,1.0900
17.01.2014 00:20:04.196,1.48397,1.48197,1.3100,1.0600
17.01.2014 00:20:05.546,1.48398,1.48198,1.0400,2.1500
17.01.2014 00:20:06.961,1.48396,1.48196,1.4200,1.7800
17.01.2014 00:20:08.287,1.48399,1.48199,2.0100,1.4000
17.01.2014 00:20:09.660,1.48397,1.48197,2.4100,1.5300
17.01.2014 00:20:11.282,1.48396,1.48196,2.0100,1.2500
17.01.2014 00:20:12.699,1.48396,1.48196,1.1100,2.9300
17.01.2014 00:20:14.092,1.48395,1.48195,2.9000,1.4500
17.01.2014 00:20:15.501,1.48397,1.48197,2.2100,2.5600
17.01.2014 00:20:16.961,1.48396,1.48196,1.5500,2.8400
17.01.2014 00:20:18.351,1.48395,1.48195,1.1200,2.5900
17.01.2014 00:20:19.891,1.48398,1.48198,2.8500,1.1100
17.01.2014 00:20:21.242,1.48398,1.48198,2.5200,2.9800
17.01.2014 00:20:22.703,1.48397,1.48197,1.0900,1.8400
17.01.2014 00:20:24.064,1.48399,1.48199,2.0900,1.5000
17.01.2014 00:20:25.571,1.48400,1.48200,2.8900,2.7400
17.01.2014 00:20:26.910,1.48400,1.48200,2.9700,1.7200
17.01.2014 00:20:28.354,1.48398,1.48198,2.6800,1.6600
17.01.2014 00:20:29.758,1.48398,1.48198,1.9600,1.1400
17.01.2014 00:20:31.079,1.48402,1.48202,2.5500,2.9100
17.01.2014 00:20:32.660,1.48400,1.48200,1.9500,2.7200
17.01.2014 00:20:33.962,1.48397,1.48197,2.6000,2.3500
17.01.2014 00:20:35.327,1.48396,1.48196,2.0500,1.1900
17.01.2014 00:20:36.600,1.48395,1.48195,1.7500,2.2300
17.01.2014 00:20:38.123,1.48397,1.48197,1.6100,2.8800
17.01.2014 00:20:39.482,1.48396,1.48196,2.3700,1.8500
17.01.2014 00:20:40.946,1.48396,1.48196,2.2500,1.6000
17.01.2014 00:20:42.441,1.48396,1.48196,2.8300,2.8000
17.01.2014 00:20:43.947,1.48396,1.48196,2.1100,2.8600
17.01.2014 00:20:45.333,1.48394,1.48194,1.5100,2.5000
17.01.2014 00:20:46.899,1.48393,1.48193,2.1600,2.1200
17.01.2014 00:20:48.256,1.48393,1.48193,1.8300,2.0500
17.01.2014 00:20:49.755,1.48396,1.48196,1.7500,1.5800
17.01.2014 00:20:51.201,1.48398,1.48198,1.0800,2.9900
17.01.2014 00:20:52.646,1.48398,1.48198,2.9800,1.6300
17.01.2014 00:20:54.034,1.48399,1.48199,1.2200,1.2600
17.01.2014 00:20:55.436,1.48397,1.48197,1.8700,2.7700
17.01.2014 00:20:56.888,1.48397,1.48197,2.4300,1.3300
17.01.2014 00:20:58.179,1.48397,1.48197,1.3000,1.8200
17.01.2014 00:20:59.670,1.48395,1.48195,2.7400,2.2500
17.01.2014 00:21:01.223,1.48396,1.48196,2.1000,2.6800
17.01.2014 00:21:02.565,1.48396,1.48196,2.5600,1.9600
17.01.2014 00:21:03.696,1.48397,1.48197,2.0200,1.3700
17.01.2014 00:21:05.276,1.48399,1.48199,2.1000,1.1000
17.01.2014 00:21:06.677,1.48398,1.48198,1.2000,1.4400
17.01.2014 00:21:07.932,1.48398,1.48198,2.7800,2.5300
17.01.2014 00:21:09.209,1.48397,1.48197,2.0300,2.5200
17.01.2014 00:21:10.506,1.48401,1.48201,1.0800,2.4800
17.01.2014 00:21:11.824,1.48402,1.48202,1.3100,1.3900
17.01.2014 00:21:13.255,1.48400,1.48200,2.1600,2.7400
17.01.2014 00:21:14.727,1.48400,1.48200,2.0700,1.4400
17.01.2014 00:21:16.062,1.48398,1.48198,1.0900,1.0600
17.01.2014 00:21:17.330,1.48398,1.48198,2.7600,1.4800
17.01.2014 00:21:18.788,1.48398,1.48198,1.5000,2.5100
17.01.2014 00:21:20.035,1.48397,1.48197,2.9500,1.4000
17.01.2014 00:21:21.554,1.48395,1.48195,1.9300,2.5600
17.01.2014 00:21:23.003,1.48394,1.48194,2.6900,1.5800
17.01.2014 00:21:24.288,1.48395,1.48195,1.1100,2.3700
17.01.2014 00:21:25.776,1.48397,1.48197,1.1600,2.7700
17.01.2014 00:21:27.263,1.48396,1.48196,1.9400,1.4100
17.01.2014 00:21:28.563,1.48396,1.48196,1.6500,2.9900
17.01.2014 00:21:29.932,1.48396,1.48196,1.1500,2.4700
17.01.2014 00:21:31.186,1.48398,1.48198,1.5200,1.4400
17.01.2014 00:21:32.638,1.48395,1.48195,1.2900,1.4700
17.01.2014 00:21:34.179,1.48396,1.48196,1.0600,2.6300
17.01.2014 00:21:35.533,1.48396,1.48196,2.7100,2.8500
17.01.2014 00:21:36.908,1.48394,1.48194,2.5700,1.6400
17.01.2014 00:21:38.229,1.48396,1.48196,2.8200,1.8500
17.01.2014 00:21:39.474,1.48396,1.48196,2.7900,1.5100
17.01.2014 00:21:40.919,1.48396,1.48196,1.8200,2.1300
17.01.2014 00:21:42.210,1.48394,1.48194,2.4100,2.9300
17.01.2014 00:21:43.588,1.48392,1.48192,2.6200,1.8100
17.01.2014 00:21:44.826,1.48393,1.48193,2.1200,1.5800
17.01.2014 00:21:46.047,1.48392,1.48192,2.8600,2.2400
17.01.2014 00:21:47.620,1.48390,1.48190,2.0900,2.8800
17.01.2014 00:21:49.004,1.48390,1.48190,2.4800,2.8000
17.01.2014 00:21:50.619,1.48385,1.48185,2.1600,2.5400
17.01.2014 00:21:51.958,1.48386,1.48186,1.0700,1.7200
17.01.2014 00:21:53.313,1.48389,1.48189,1.2200,1.9800
17.01.2014 00:21:54.589,1.48389,1.48189,1.3100,1.3600
17.01.2014 00:21:56.021,1.48389,1.48189,1.7700,2.1500
17.01.2014 00:21:57.479,1.48386,1.48186,2.6300,1.0400
17.01.2014 00:21:58.854,1.48387,1.48187,2.4600,2.6500
17.01.2014 00:22:00.140,1.48385,1.48185,2.3400,2.9100
17.01.2014 00:22:01.651,1.48386,1.48186,1.5100,2.6500
17.01.2014 00:22:03.017,1.48387,1.48187,1.4200,2.5400
17.01.2014 00:22:04.402,1.48387,1.48187,2.9500,1.7600
17.01.2014 00:22:05.758,1.48389,1.48189,1.1600,2.9000
17.01.2014 00:22:07.275,1.48391,1.48191,2.6000,1.6300
17.01.2014 00:22:08.867,1.48387,1.48187,2.5000,2.0500
17.01.2014 00:22:10.234,1.48389,1.48189,1.6900,1.1800
17.01.2014 00:22:11.454,1.48391,1.48191,2.9900,2.8900
17.01.2014 00:22:12.787,1.48391,1.48191,1.3700,1.5800
17.01.2014 00:22:14.156,1.48390,1.48190,2.1800,1.8100
17.01.2014 00:22:15.594,1.48387,1.48187,1.3600,2.3400
17.01.2014 00:22:17.134,1.48387,1.48187,2.4900,2.7000
17.01.2014 00:22:18.438,1.48386,1.48186,2.3200,2.7100
17.01.2014 00:22:19.925,1.48384,1.48184,2.9500,2.7500
17.01.2014 00:22:21.298,1.48384,1.48184,1.1100,1.3500
17.01.2014 00:22:22.798,1.48381,1.48181,2.3800,2.8300
17.01.2014 00:22:24.135,1.48384,1.48184,2.3300,1.5500
17.01.2014 00:22:25.555,1.48385,1.48185,2.9400,2.1500
17.01.2014 00:22:26.972,1.48390,1.48190,2.8500,2.0800
17.01.2014 00:22:28.461,1.48390,1.48190,2.1500,1.0700
17.01.2014 00:22:29.725,1.48389,1.48189,2.5600,1.6600
17.01.2014 00:22:31.021,1.48390,1.48190,2.1000,2.9400
17.01.2014 00:22:32.397,1.48388,1.48188,1.6000,1.6300
17.01.2014 00:22:33.807,1.48386,1.48186,1.7900,2.6500
17.01.2014 00:22:35.247,1.48383,1.48183,1.3400,1.6900
17.01.2014 00:22:36.691,1.48382,1.48182,1.5900,1.4300
17.01.2014 00:22:38.121,1.48382,1.48182,1.7300,1.0500
17.01.2014 00:22:39.709,1.48384,1.48184,2.2200,1.0200
17.01.2014 00:22:41.235,1.48385,1.48185,1.8200,2.6600
17.01.2014 00:22:42.714,1.48386,1.48186,1.7200,1.0300
17.01.2014 00:22:44.177,1.48384,1.48184,1.1700,2.2100
17.01.2014 00:22:45.777,1.48384,1.48184,1.5100,2.4700
17.01.2014 00:22:47.095,1.48384,1.48184,1.3800,1.1500
17.01.2014 00:22:48.514,1.48385,1.48185,1.2200,2.6900
17.01.2014 00:22:49.881,1.48386,1.48186,2.4700,1.9800
17.01.2014 00:22:51.339,1.48387,1.48187,2.8300,1.6000
17.01.2014 00:22:52.685,1.48386,1.48186,2.0900,2.7700
17.01.2014 00:22:54.219,1.48387,1.48187,1.6600,3.0000
17.01.2014 00:22:55.650,1.48385,1.48185,2.0400,1.1100
17.01.2014 00:22:56.990,1.48386,1.48186,2.7100,1.1300
17.01.2014 00:22:58.498,1.48387,1.48187,1.6900,2.3200
17.01.2014 00:22:59.861,1.48391,1.48191,2.0900,1.6400
17.01.2014 00:23:01.334,1.48393,1.48193,1.3700,2.8500
17.01.2014 00:23:02.807,1.48394,1.48194,1.2100,1.0300
17.01.2014 00:23:04.189,1.48394,1.48194,2.5300,1.0500
17.01.2014 00:23:05.768,1.48394,1.48194,1.3000,2.8700
17.01.2014 00:23:06.971,1.48396,1.48196,1.1700,2.8200
17.01.2014 00:23:08.373,1.48397,1.48197,2.4800,1.0200
17.01.2014 00:23:09.911,1.48395,1.48195,2.0700,2.4000
17.01.2014 00:23:11.283,1.48397,1.48197,1.3100,2.0900
17.01.2014 00:23:12.679,1.48395,1.48195,1.0000,2.1100
17.01.2014 00:23:14.236,1.48397,1.48197,1.2500,2.6300
17.01.2014 00:23:15.621,1.48395,1.48195,1.1300,1.1200
17.01.2014 00:23:17.081,1.48397,1.48197,1.6200,1.7600
17.01.2014 00:23:18.428,1.48396,1.48196,2.9500,1.8700
17.01.2014 00:23:19.760,1.48395,1.48195,2.6500,2.0500
17.01.2014 00:23:21.174,1.48395,1.48195,1.9300,2.3000
17.01.2014 00:23:22.587,1.48393,1.48193,1.3700,1.0500
17.01.2014 00:23:23.874,1.48393,1.48193,2.2900,2.4400
17.01.2014 00:23:25.377,1.48393,1.48193,1.8500,1.6800
17.01.2014 00:23:26.669,1.48392,1.48192,1.1600,1.7500
17.01.2014 00:23:27.978,1.48395,1.48195,2.9100,1.0200
17.01.2014 00:23:29.361,1.48393,1.48193,1.8700,1.5000
17.01.2014 00:23:30.807,1.48393,1.48193,1.9000,1.3800
17.01.2014 00:23:32.111,1.48394,1.48194,1.1000,1.3200
17.01.2014 00:23:33.676,1.48394,1.48194,1.7800,1.6200
17.01.2014 00:23:35.037,1.48392,1.48192,1.9500,2.0700
17.01.2014 00:23:36.260,1.48392,1.48192,1.5900,2.6900
17.01.2014 00:23:37.730,1.48391,1.48191,1.0100,2.9300
17.01.2014 00:23:39.147,1.48392,1.48192,2.8300,2.9900
17.01.2014 00:23:40.505,1.48393,1.48193,2.8700,2.5600
17.01.2014 00:23:41.829,1.48393,1.48193,1.2000,2.4200
17.01.2014 00:23:43.248,1.48394,1.48194,1.5400,1.9300
17.01.2014 00:23:44.685,1.48394,1.48194,1.2800,1.6300
17.01.2014 00:23:46.103,1.48394,1.48194,1.8500,1.9100
17.01.2014 00:23:47.644,1.48393,1.48193,2.2600,2.1600
17.01.2014 00:23:48.872,1.48395,1.48195,2.1300,1.7300
17.01.2014 00:23:50.288,1.48397,1.48197,2.0700,1.8200
17.01.2014 00:23:51.737,1.48399,1.48199,1.8300,2.4400
17.01.2014 00:23:53.070,1.48400,1.48200,1.1500,1.6100
17.01.2014 00:23:54.513,1.48402,1.48202,2.4300,1.0800
17.01.2014 00:23:55.818,1.48403,1.48203,1.8800,1.7500
17.01.2014 00:23:57.164,1.48407,1.48207,2.5300,2.7100
17.01.2014 00:23:58.505,1.48407,1.48207,2.4500,2.2700
17.01.2014 00:23:59.864,1.48407,1.48207,2.2600,1.1100
17.01.2014 00:24:01.320,1.48407,1.48207,1.4800,2.9700
17.01.2014 00:24:02.669,1.48405,1.48205,1.3400,2.9100
17.01.2014 00:24:04.301,1.48405,1.48205,1.2100,2.5000
17.01.2014 00:24:05.653,1.48405,1.48205,1.7500,2.0300
17.01.2014 00:24:07.123,1.48404,1.48204,2.3700,1.7200
17.01.2014 00:24:08.760,1.48403,1.48203,1.7300,2.7600
17.01.2014 00:24:10.177,1.48403,1.48203,1.2200,2.7300
17.01.2014 00:24:11.673,1.48404,1.48204,1.1400,1.0400
17.01.2014 00:24:12.976,1.48404,1.48204,2.8700,1.7000
17.01.2014 00:24:14.304,1.48406,1.48206,1.1800,2.8900
17.01.2014 00:24:15.877,1.48407,1.48207,1.8000,1.5400
17.01.2014 00:24:17.289,1.48406,1.48206,2.9000,1.0200
17.01.2014 00:24:18.896,1.48409,1.48209,2.8300,1.0900
17.01.2014 00:24:20.226,1.48410,1.48210,2.8800,1.6700
17.01.2014 00:24:21.585,1.48408,1.48208,2.3400,2.5900
17.01.2014 00:24:22.892,1.48407,1.48207,2.0600,2.8600
17.01.2014 00:24:24.277,1.48409,1.48209,1.9800,2.6700
17.01.2014 00:24:25.442,1.48410,1.48210,2.0000,2.7200
17.01.2014 00:24:26.779,1.48410,1.48210,2.0700,2.2400
17.01.2014 00:24:28.140,1.48406,1.48206,2.9200,1.8800
17.01.2014 00:24:29.589,1.48408,1.48208,2.4200,2.3600
17.01.2014 00:24:30.930,1.48408,1.48208,1.5800,2.8600
17.01.2014 00:24:32.307,1.48410,1.48210,2.5800,2.2100
17.01.2014 00:24:33.773,1.48413,1.48213,2.7500,2.5900
17.01.2014 00:24:35.318,1.48415,1.48215,1.6500,2.2000
17.01.2014 00:24:36.691,1.48416,1.48216,1.6900,2.2400
17.01.2014 00:24:38.128,1.48413,1.48213,1.7700,2.9100
17.01.2014 00:24:39.484,1.48412,1.48212,1.8600,1.0300
17.01.2014 00:24:41.005,1.48413,1.48213,1.7400,1.7000
17.01.2014 00:24:42.492,1.48413,1.48213,2.3000,1.0400
17.01.2014 00:24:43.958,1.48413,1.48213,1.5400,2.8100
17.01.2014 00:24:45.448,1.48413,1.48213,1.9700,1.2200
17.01.2014 00:24:46.870,1.48411,1.48211,1.1900,3.0000
17.01.2014 00:24:48.379,1.48414,1.48214,1.4100,1.4100
17.01.2014 00:24:49.873,1.48414,1.48214,1.3000,1.4000
17.01.2014 00:24:51.505,1.48416,1.48216,1.5600,2.7500
17.01.2014 00:24:53.088,1.48417,1.48217,2.2000,2.2400
17.01.2014 00:24:54.712,1.48417,1.48217,2.2000,1.3200
17.01.2014 00:24:56.118,1.48417,1.48217,2.2800,1.2700
17.01.2014 00:24:57.501,1.48417,1.48217,2.3500,1.6200
17.01.2014 00:24:58.931,1.48419,1.48219,1.5500,1.2000
17.01.2014 00:25:00.341,1.48417,1.48217,1.7900,1.2700
17.01.2014 00:25:01.814,1.48420,1.48220,1.8100,2.6000
17.01.2014 00:25:03.108,1.48419,1.48219,2.3500,2.8200
17.01.2014 00:25:04.356,1.48421,1.48221,1.5000,1.6700
17.01.2014 00:25:05.609,1.48418,1.48218,1.5900,2.8300
17.01.2014 00:25:06.908,1.48418,1.48218,1.3800,2.2800
17.01.2014 00:25:08.318,1.48418,1.48218,1.6100,2.9800
17.01.2014 00:25:09.781,1.48417,1.48217,1.3800,1.6500
17.01.2014 00:25:11.152,1.48415,1.48215,1.3900,1.7000
17.01.2014 00:25:12.831,1.48414,1.48214,2.3700,2.4100
17.01.2014 00:25:14.165,1.48413,1.48213,1.5400,1.2800
17.01.2014 00:25:15.518,1.48413,1.48213,2.9100,2.6400
17.01.2014 00:25:16.904,1.48413,1.48213,2.0900,1.4200
17.01.2014 00:25:18.300,1.48415,1.48215,2.8700,1.9900
17.01.2014 00:25:19.717,1.48418,1.48218,2.7900,1.9300
17.01.2014 00:25:21.109,1.48418,1.48218,1.2600,2.9600
17.01.2014 00:25:22.674,1.48418,1.48218,2.2100,1.1200
17.01.2014 00:25:24.112,1.48416,1.48216,2.3700,2.6000
17.01.2014 00:25:25.321,1.48417,1.48217,1.4300,1.4700
17.01.2014 00:25:26.573,1.48417,1.48217,2.5500,2.0800
17.01.2014 00:25:28.109,1.48418,1.48218,2.3200,2.6300
17.01.2014 00:25:29.448,1.48416,1.48216,2.6100,1.5900
17.01.2014 00:25:30.777,1.48415,1.48215,2.0300,2.1500
17.01.2014 00:25:31.975,1.48415,1.48215,2.5200,1.8600
17.01.2014 00:25:33.547,1.48413,1.48213,1.0800,1.7000
17.01.2014 00:25:34.865,1.48410,1.48210,2.2600,2.9900
17.01.2014 00:25:36.261,1.48409,1.48209,2.3600,2.6400
17.01.2014 00:25:37.639,1.48409,1.48209,1.2200,2.5700
17.01.2014 00:25:39.151,1.48407,1.48207,1.9400,2.8300
17.01.2014 00:25:40.444,1.48409,1.48209,1.6200,2.8100
17.01.2014 00:25:41.769,1.48410,1.48210,2.6100,1.2600
17.01.2014 00:25:43.056,1.48409,1.48209,1.1900,2.4400
17.01.2014 00:25:44.592,1.48408,1.48208,2.3200,2.7100
17.01.2014 00:25:45.940,1.48409,1.48209,1.9800,2.4900
17.01.2014 00:25:47.547,1.48411,1.48211,2.3800,1.4300
17.01.2014 00:25:49.051,1.48411,1.48211,2.5800,2.4100
17.01.2014 00:25:50.481,1.48410,1.48210,1.7300,2.7200
17.01.2014 00:25:51.836,1.48409,1.48209,1.9500,2.5000
17.01.2014 00:25:52.984,1.48407,1.48207,1.8400,1.0600
17.01.2014 00:25:54.301,1.48407,1.48207,2.1400,2.8400
17.01.2014 00:25:55.726,1.48403,1.48203,2.2900,1.3300
17.01.2014 00:25:57.014,1.48403,1.48203,2.3900,1.5300
17.01.2014 00:25:58.549,1.48405,1.48205,1.9500,1.2900
17.01.2014 00:25:59.957,1.48406,1.48206,2.7800,1.7200
17.01.2014 00:26:01.277,1.48405,1.48205,1.5600,2.6500
17.01.2014 00:26:02.739,1.48402,1.48202,1.4100,1.6200
17.01.2014 00:26:04.242,1.48403,1.48203,2.3600,1.7500
17.01.2014 00:26:05.457,1.48404,1.48204,2.9100,2.5000
17.01.2014 00:26:06.783,1.48405,1.48205,1.8800,1.3100
17.01.2014 00:26:08.207,1.48403,1.48203,1.1400,1.5600
17.01.2014 00:26:09.570,1.48404,1.48204,1.9800,1.9400
17.01.2014 00:26:11.041,1.48404,1.48204,2.2500,2.3800
17.01.2014 00:26:12.387,1.48401,1.48201,2.5100,2.1900
17.01.2014 00:26:13.802,1.48400,1.48200,2.3400,1.7300
17.01.2014 00:26:14.986,1.48399,1.48199,2.6100,1.1000
17.01.2014 00:26:16.390,1.48397,1.48197,2.1500,2.3300
17.01.2014 00:26:17.856,1.48398,1.48198,1.8900,2.3000
17.01.2014 00:26:19.229,1.48398,1.48198,2.7100,1.0400
17.01.2014 00:26:20.559,1.48397,1.48197,2.4300,1.4500
17.01.2014 00:26:21.973,1.48396,1.48196,1.3600,2.6000
17.01.2014 00:26:23.299,1.48394,1.48194,2.7000,1.5300
17.01.2014 00:26:24.534,1.48394,1.48194,2.2800,1.6100
17.01.2014 00:26:25.843,1.48391,1.48191,1.7800,2.7000
17.01.2014 00:26:27.240,1.48389,1.48189,1.5600,2.0500
17.01.2014 00:26:28.693,1.48389,1.48189,1.1000,1.6700
17.01.2014 00:26:30.184,1.48389,1.48189,2.1000,2.7100
17.01.2014 00:26:31.762,1.48392,1.48192,1.0600,1.7800
17.01.2014 00:26:33.284,1.48390,1.48190,2.4500,2.0900
17.01.2014 00:26:34.682,1.48391,1.48191,1.3700,1.0200
17.01.2014 00:26:36.195,1.48389,1.48189,3.0000,1.1700
17.01.2014 00:26:37.636,1.48390,1.48190,2.5900,1.5700
17.01.2014 00:26:39.113,1.48391,1.48191,1.2500,1.9900
17.01.2014 00:26:40.576,1.48389,1.48189,1.8900,2.6500
17.01.2014 00:26:41.959,1.48389,1.48189,2.9000,1.7700
17.01.2014 00:26:43.319,1.48392,1.48192,1.1000,1.2900
17.01.2014 00:26:44.725,1.48391,1.48191,1.9000,2.0800
17.01.2014 00:26:46.089,1.48392,1.48192,1.0300,1.6200
17.01.2014 00:26:47.518,1.48394,1.48194,1.8200,2.2400
17.01.2014 00:26:48.785,1.48395,1.48195,2.1400,1.5900
17.01.2014 00:26:50.077,1.48397,1.48197,2.1500,2.5600
17.01.2014 00:26:51.472,1.48398,1.48198,2.3600,1.0100
17.01.2014 00:26:52.888,1.48400,1.48200,1.6900,1.2800
17.01.2014 00:26:54.127,1.48401,1.48201,2.9900,2.1800
17.01.2014 00:26:55.477,1.48402,1.48202,1.6200,2.8500
17.01.2014 00:26:56.821,1.48403,1.48203,1.1400,1.2500
17.01.2014 00:26:58.159,1.48403,1.48203,1.3400,2.3400
17.01.2014 00:26:59.529,1.48403,1.48203,2.2800,1.9200
17.01.2014 00:27:00.915,1.48403,1.48203,1.3900,1.0200
17.01.2014 00:27:02.323,1.48404,1.48204,2.0400,2.9000
17.01.2014 00:27:03.566,1.48404,1.48204,2.5900,2.6500
17.01.2014 00:27:04.922,1.48403,1.48203,2.1900,1.8700
17.01.2014 00:27:06.371,1.48401,1.48201,2.8300,2.4400
17.01.2014 00:27:07.617,1.48401,1.48201,2.9300,1.8300
17.01.2014 00:27:08.988,1.48402,1.48202,1.1500,1.1500
17.01.2014 00:27:10.484,1.48402,1.48202,2.0700,1.3900
17.01.2014 00:27:11.980,1.48401,1.48201,2.1200,2.2500
17.01.2014 00:27:13.395,1.48402,1.48202,1.8400,1.7100
17.01.2014 00:27:14.846,1.48405,1.48205,2.9800,1.3900
17.01.2014 00:27:16.237,1.48406,1.48206,1.9400,2.0100
17.01.2014 00:27:17.565,1.48408,1.48208,2.4900,2.8200
17.01.2014 00:27:19.110,1.48413,1.48213,1.3600,1.9900
17.01.2014 00:27:20.535,1.48415,1.48215,1.6300,1.4400
17.01.2014 00:27:21.859,1.48417,1.48217,2.2300,1.8600
17.01.2014 00:27:23.272,1.48417,1.48217,2.5200,1.9900
17.01.2014 00:27:24.663,1.48417,1.48217,2.3400,1.0300
17.01.2014 00:27:25.964,1.48416,1.48216,2.3000,1.0100
17.01.2014 00:27:27.398,1.48414,1.48214,2.0700,2.6500
17.01.2014 00:27:28.696,1.48412,1.48212,1.0200,2.2000
17.01.2014 00:27:30.088,1.48414,1.48214,1.2400,1.5800
17.01.2014 00:27:31.233,1.48411,1.48211,1.2800,1.4900
17.01.2014 00:27:32.704,1.48413,1.48213,2.6000,1.6600
17.01.2014 00:27:33.995,1.48412,1.48212,2.2000,1.3700
17.01.2014 00:27:35.281,1.48411,1.48211,1.8300,2.1100
17.01.2014 00:27:36.735,1.48411,1.48211,1.3800,2.7100
17.01.2014 00:27:38.156,1.48410,1.48210,2.7100,1.4300
17.01.2014 00:27:39.514,1.48409,1.48209,1.2700,1.8300
17.01.2014 00:27:41.022,1.48411,1.48211,1.3500,1.1100
17.01.2014 00:27:42.507,1.48411,1.48211,2.1600,2.3800
17.01.2014 00:27:43.746,1.48407,1.48207,1.5400,3.0000
17.01.2014 00:27:45.284,1.48407,1.48207,1.8800,2.6500
17.01.2014 00:27:46.666,1.48408,1.48208,2.7300,2.8500
17.01.2014 00:27:48.308,1.48408,1.48208,1.8900,1.8000
17.01.2014 00:27:49.715,1.48408,1.48208,2.4100,2.4500
17.01.2014 00:27:50.947,1.48408,1.48208,1.1900,1.9000
17.01.2014 00:27:52.316,1.48408,1.48208,2.5400,1.1900
17.01.2014 00:27:53.828,1.48406,1.48206,1.2800,1.5300
17.01.2014 00:27:55.270,1.48407,1.48207,1.8000,3.0000
17.01.2014 00:27:56.695,1.48406,1.48206,2.1100,1.7300
17.01.2014 00:27:58.069,1.48405,1.48205,1.5500,1.0700
17.01.2014 00:27:59.479,1.48407,1.48207,1.6100,2.3900
17.01.2014 00:28:00.975,1.48406,1.48206,2.0900,1.2200
17.01.2014 00:28:02.570,1.48406,1.48206,1.6400,1.5200
17.01.2014 00:28:03.953,1.48406,1.48206,2.0200,1.5700
17.01.2014 00:28:05.310,1.48408,1.48208,2.4900,1.3100
17.01.2014 00:28:06.898,1.48405,1.48205,1.9000,1.5700
17.01.2014 00:28:08.206,1.48406,1.48206,2.2700,1.6400
17.01.2014 00:28:09.707,1.48406,1.48206,1.5800,2.3700
17.01.2014 00:28:11.033,1.48404,1.48204,1.8600,2.9900
17.01.2014 00:28:12.549,1.48403,1.48203,1.3600,2.4600
17.01.2014 00:28:13.976,1.48401,1.48201,1.9800,2.2800
17.01.2014 00:28:15.291,1.48401,1.48201,2.4600,2.7500
17.01.2014 00:28:16.607,1.48400,1.48200,1.5000,2.7700
17.01.2014 00:28:18.193,1.48399,1.48199,2.3100,2.5000
17.01.2014 00:28:19.750,1.48399,1.48199,2.3500,1.1000
17.01.2014 00:28:21.110,1.48401,1.48201,2.3700,2.0800
17.01.2014 00:28:22.389,1.48401,1.48201,1.3900,1.7500
17.01.2014 00:28:23.862,1.48401,1.48201,1.3800,1.9800
17.01.2014 00:28:25.269,1.48400,1.48200,1.4900,2.9600
17.01.2014 00:28:26.830,1.48400,1.48200,2.2800,1.5400
17.01.2014 00:28:28.193,1.48398,1.48198,2.4400,2.0000
17.01.2014 00:28:29.651,1.48396,1.48196,1.6100,1.7200
17.01.2014 00:28:31.089,1.48397,1.48197,1.1400,2.0900
17.01.2014 00:28:32.379,1.48397,1.48197,1.4800,3.0000
17.01.2014 00:28:33.734,1.48400,1.48200,2.3600,1.9100
17.01.2014 00:28:35.165,1.48401,1.48201,1.8300,2.0200
17.01.2014 00:28:36.639,1.48399,1.48199,1.2100,2.2100
17.01.2014 00:28:38.193,1.48399,1.48199,1.3000,2.4900
17.01.2014 00:28:39.518,1.48400,1.48200,2.8200,2.9500
17.01.2014 00:28:40.843,1.48401,1.48201,1.5300,2.5700
17.01.2014 00:28:42.544,1.48399,1.48199,2.7700,2.1000
17.01.2014 00:28:44.087,1.48400,1.48200,1.0800,2.7500
17.01.2014 00:28:45.674,1.48402,1.48202,2.2900,1.7600
17.01.2014 00:28:47.115,1.48400,1.48200,1.3200,2.8800
17.01.2014 00:28:48.545,1.48399,1.48199,2.3200,1.6300
17.01.2014 00:28:49.948,1.48402,1.48202,2.7600,1.7600
17.01.2014 00:28:51.337,1.48402,1.48202,1.5500,1.3600
17.01.2014 00:28:52.683,1.48402,1.48202,2.0100,1.8700
17.01.2014 00:28:54.040,1.48402,1.48202,1.6200,1.6900
17.01.2014 00:28:55.465,1.48400,1.48200,1.7800,1.3900
17.01.2014 00:28:56.990,1.48402,1.48202,2.4600,2.5100
17.01.2014 00:28:58.362,1.48401,1.48201,2.3300,2.7200
17.01.2014 00:28:59.574,1.48403,1.48203,2.9300,1.7800
17.01.2014 00:29:01.063,1.48405,1.48205,1.5700,2.8300
17.01.2014 00:29:02.560,1.48407,1.48207,1.7800,1.7200
17.01.2014 00:29:03.819,1.48408,1.48208,2.6000,2.6800
17.01.2014 00:29:05.312,1.48409,1.48209,1.3100,3.0000
17.01.2014 00:29:06.719,1.48409,1.48209,1.0100,2.0800
17.01.2014 00:29:08.259,1.48408,1.48208,1.2100,1.8600
17.01.2014 00:29:09.574,1.48410,1.48210,1.0100,2.1400
17.01.2014 00:29:10.947,1.48410,1.48210,2.4500,2.3300
17.01.2014 00:29:12.420,1.48412,1.48212,1.8400,2.5600
17.01.2014 00:29:13.577,1.48413,1.48213,2.1700,1.4800
17.01.2014 00:29:14.931,1.48414,1.48214,1.4100,1.9300
17.01.2014 00:29:16.524,1.48415,1.48215,1.6600,2.1400
17.01.2014 00:29:17.873,1.48417,1.48217,2.1200,2.2700
17.01.2014 00:29:19.306,1.48418,1.48218,2.5600,2.6800
17.01.2014 00:29:20.619,1.48416,1.48216,1.8100,2.3000
17.01.2014 00:29:22.028,1.48417,1.48217,2.8400,2.6300
17.01.2014 00:29:23.333,1.48415,1.48215,1.5300,1.3600
17.01.2014 00:29:24.748,1.48417,1.48217,2.3000,2.8700
17.01.2014 00:29:25.996,1.48417,1.48217,2.5700,1.8100
17.01.2014 00:29:27.431,1.48415,1.48215,2.9300,1.9100
17.01.2014 00:29:28.818,1.48414,1.48214,2.0700,2.2300
17.01.2014 00:29:30.275,1.48414,1.48214,1.6500,2.8900
17.01.2014 00:29:31.498,1.48414,1.48214,1.5300,1.8800
17.01.2014 00:29:32.923,1.48414,1.48214,1.6800,2.5300
17.01.2014 00:29:34.270,1.48412,1.48212,2.9600,2.0400
17.01.2014 00:29:35.647,1.48413,1.48213,2.0200,1.2700
17.01.2014 00:29:37.095,1.48412,1.48212,1.7900,2.7000
17.01.2014 00:29:38.478,1.48410,1.48210,1.2300,2.5900
17.01.2014 00:29:39.661,1.48410,1.48210,1.0700,2.9300
17.01.2014 00:29:41.088,1.48407,1.48207,2.8700,1.4400
17.01.2014 00:29:42.585,1.48407,1.48207,2.4700,1.0300
17.01.2014 00:29:43.875,1.48408,1.48208,2.7800,1.3600
17.01.2014 00:29:45.316,1.48406,1.48206,2.8500,2.4600
17.01.2014 00:29:46.740,1.48404,1.48204,2.3800,2.8700
17.01.2014 00:29:48.182,1.48406,1.48206,1.2800,2.4600
17.01.2014 00:29:49.529,1.48405,1.48205,2.7500,2.9400
17.01.2014 00:29:51.096,1.48403,1.48203,1.4500,2.0600
17.01.2014 00:29:52.344,1.48405,1.48205,2.9500,2.4500
17.01.2014 00:29:53.749,1.48403,1.48203,1.4000,2.0300
17.01.2014 00:29:55.208,1.48402,1.48202,1.8500,2.5800
17.01.2014 00:29:56.347,1.48402,1.48202,2.9700,2.4400
17.01.2014 00:29:57.868,1.48402,1.48202,1.4500,1.6100
17.01.2014 00:29:59.323,1.48400,1.48200,1.8300,1.4300
17.01.2014 00:30:00.624,1.48399,1.48199,1.0300,2.2100
17.01.2014 00:30:02.109,1.48400,1.48200,2.7500,1.4700
17.01.2014 00:30:03.640,1.48401,1.48201,2.8600,2.4600
17.01.2014 00:30:05.049,1.48403,1.48203,1.3400,1.2800
17.01.2014 00:30:06.486,1.48403,1.48203,1.6000,1.2800
17.01.2014 00:30:07.935,1.48405,1.48205,1.4600,1.6700
17.01.2014 00:30:09.261,1.48405,1.48205,2.2100,1.9100
17.01.2014 00:30:10.799,1.48405,1.48205,2.1400,1.2200
17.01.2014 00:30:12.271,1.48404,1.48204,1.9400,2.7100
17.01.2014 00:30:13.618,1.48404,1.48204,2.2600,1.2700
17.01.2014 00:30:14.889,1.48404,1.48204,2.0400,1.9200
17.01.2014 00:30:16.180,1.48403,1.48203,1.7500,2.4800
17.01.2014 00:30:17.448,1.48401,1.48201,2.3600,1.0500
17.01.2014 00:30:18.896,1.48401,1.48201,1.7900,1.6400
17.01.2014 00:30:20.501,1.48401,1.48201,1.0400,1.2200
17.01.2014 00:30:21.716,1.48403,1.48203,1.3800,1.1500
17.01.2014 00:30:23.185,1.48403,1.48203,2.4700,1.1300
17.01.2014 00:30:24.646,1.48403,1.48203,1.1100,2.1900
17.01.2014 00:30:26.153,1.48404,1.48204,1.8300,1.9100
17.01.2014 00:30:27.578,1.48405,1.48205,2.2100,2.1900
17.01.2014 00:30:29.035,1.48405,1.48205,2.0700,1.5200
17.01.2014 00:30:30.450,1.48404,1.48204,1.4800,1.6400
17.01.2014 00:30:31.927,1.48405,1.48205,2.5900,1.2300
17.01.2014 00:30:33.370,1.48406,1.48206,2.4300,2.0500
17.01.2014 00:30:34.876,1.48403,1.48203,1.1100,2.8200
17.01.2014 00:30:36.170,1.48402,1.48202,2.1100,2.0800
17.01.2014 00:30:37.639,1.48399,1.48199,2.8900,2.9300
17.01.2014 00:30:39.054,1.48399,1.48199,1.3900,2.9400
17.01.2014 00:30:40.288,1.48396,1.48196,2.7800,1.2400
17.01.2014 00:30:41.675,1.48395,1.48195,1.0800,2.4600
17.01.2014 00:30:43.147,1.48395,1.48195,1.9600,1.1900
17.01.2014 00:30:44.523,1.48397,1.48197,2.5900,2.0100
17.01.2014 00:30:45.905,1.48397,1.48197,1.2100,1.8300
17.01.2014 00:30:47.229,1.48398,1.48198,1.9200,2.5100
17.01.2014 00:30:48.738,1.48398,1.48198,2.5400,1.5500
17.01.2014 00:30:50.161,1.48396,1.48196,2.0500,2.1100
17.01.2014 00:30:51.546,1.48395,1.48195,2.8800,1.6400
17.01.2014 00:30:53.037,1.48395,1.48195,1.5900,1.0200
17.01.2014 00:30:54.197,1.48393,1.48193,1.9300,1.9200
17.01.2014 00:30:55.428,1.48394,1.48194,2.4200,1.8100
17.01.2014 00:30:56.814,1.48394,1.48194,2.9000,2.8900
17.01.2014 00:30:58.345,1.48393,1.48193,2.1200,1.5900
17.01.2014 00:30:59.658,1.48393,1.48193,1.8300,2.1800
17.01.2014 00:31:01.003,1.48391,1.48191,1.9700,1.0300
17.01.2014 00:31:02.443,1.48389,1.48189,2.7300,2.8900
17.01.2014 00:31:03.751,1.48389,1.48189,1.6100,2.7800
17.01.2014 00:31:05.183,1.48394,1.48194,1.1300,2.9400
17.01.2014 00:31:06.592,1.48396,1.48196,2.5300,2.8100
17.01.2014 00:31:08.081,1.48397,1.48197,1.6900,2.9500
17.01.2014 00:31:09.400,1.48393,1.48193,1.3000,1.2700
17.01.2014 00:31:10.763,1.48394,1.48194,2.8900,1.0800
17.01.2014 00:31:12.035,1.48394,1.48194,2.6500,2.8400
17.01.2014 00:31:13.228,1.48394,1.48194,1.3600,2.2800
17.01.2014 00:31:14.734,1.48396,1.48196,1.0500,2.1900
17.01.2014 00:31:16.090,1.48394,1.48194,1.8300,2.7800
17.01.2014 00:31:17.502,1.48394,1.48194,1.7900,2.4600
17.01.2014 00:31:18.903,1.48395,1.48195,1.6000,2.7300
17.01.2014 00:31:20.304,1.48397,1.48197,2.3100,1.6800
17.01.2014 00:31:21.893,1.48397,1.48197,2.9600,2.4400
17.01.2014 00:31:23.276,1.48396,1.48196,2.0000,2.9100
17.01.2014 00:31:24.911,1.48394,1.48194,1.7700,2.5000
17.01.2014 00:31:26.271,1.48394,1.48194,1.9800,2.6700
17.01.2014 00:31:27.559,1.48393,1.48193,2.1200,2.4700
17.01.2014 00:31:29.017,1.48392,1.48192,1.4900,2.5100
17.01.2014 00:31:30.451,1.48392,1.48192,2.5600,2.6900
17.01.2014 00:31:31.860,1.48394,1.48194,2.9900,1.7000
17.01.2014 00:31:33.171,1.48393,1.48193,2.9600,1.3500
17.01.2014 00:31:34.593,1.48395,1.48195,1.1300,2.6500
17.01.2014 00:31:35.874,1.48396,1.48196,1.0900,1.9200
17.01.2014 00:31:37.342,1.48398,1.48198,1.2500,1.0100
17.01.2014 00:31:38.602,1.48400,1.48200,2.7200,1.6100
17.01.2014 00:31:40.023,1.48402,1.48202,2.1600,2.3600
17.01.2014 00:31:41.522,1.48403,1.48203,2.5500,1.0800
17.01.2014 00:31:42.979,1.48406,1.48206,1.4300,1.2000
17.01.2014 00:31:44.310,1.48407,1.48207,2.3000,2.7500
17.01.2014 00:31:45.769,1.48408,1.48208,1.7700,1.1700
17.01.2014 00:31:47.153,1.48410,1.48210,2.7100,2.6400
17.01.2014 00:31:48.589,1.48408,1.48208,2.8300,2.6900
17.01.2014 00:31:49.978,1.48410,1.48210,2.0900,1.4300
17.01.2014 00:31:51.431,1.48409,1.48209,2.0400,2.7400
17.01.2014 00:31:52.769,1.48410,1.48210,2.8900,1.1500
17.01.2014 00:31:54.145,1.48411,1.48211,2.7800,2.2200
17.01.2014 00:31:55.436,1.48412,1.48212,2.7500,2.6000
17.01.2014 00:31:56.913,1.48410,1.48210,2.6500,2.0500
17.01.2014 00:31:58.557,1.48414,1.48214,2.2100,1.8900
17.01.2014 00:31:59.866,1.48413,1.48213,1.2100,2.7900
17.01.2014 00:32:01.356,1.48414,1.48214,2.5200,2.8500
17.01.2014 00:32:02.771,1.48417,1.48217,1.7500,1.6600
17.01.2014 00:32:04.199,1.48418,1.48218,1.9800,1.3500
17.01.2014 00:32:05.868,1.48417,1.48217,1.8300,2.7800
17.01.2014 00:32:07.284,1.48418,1.48218,1.9400,1.7400
17.01.2014 00:32:08.503,1.48419,1.48219,1.4400,2.6900
17.01.2014 00:32:09.933,1.48418,1.48218,1.9200,1.1200
17.01.2014 00:32:11.347,1.48418,1.48218,1.5500,2.8000
17.01.2014 00:32:12.775,1.48420,1.48220,2.2000,1.5400
17.01.2014 00:32:14.037,1.48420,1.48220,1.5800,2.9400
17.01.2014 00:32:15.343,1.48420,1.48220,2.7000,1.2500
17.01.2014 00:32:16.761,1.48418,1.48218,2.7500,1.4800
17.01.2014 00:32:18.257,1.48417,1.48217,2.4200,1.9700
17.01.2014 00:32:19.604,1.48418,1.48218,2.0600,2.5000
17.01.2014 00:32:20.985,1.48418,1.48218,1.4000,2.1300
17.01.2014 00:32:22.529,1.48415,1.48215,1.8200,1.4300
17.01.2014 00:32:23.872,1.48413,1.48213,2.2300,1.4400
17.01.2014 00:32:25.245,1.48416,1.48216,1.2700,2.5500
17.01.2014 00:32:26.603,1.48415,1.48215,1.1500,1.7400
17.01.2014 00:32:28.057,1.48417,1.48217,1.7400,2.5900
17.01.2014 00:32:29.506,1.48416,1.48216,1.4700,2.2700
17.01.2014 00:32:30.964,1.48418,1.48218,2.1400,1.9900
17.01.2014 00:32:32.470,1.48421,1.48221,2.8400,2.6500
17.01.2014 00:32:33.953,1.48418,1.48218,1.9500,2.6100
17.01.2014 00:32:35.588,1.48419,1.48219,1.2100,2.6100
17.01.2014 00:32:36.852,1.48418,1.48218,1.8400,2.9600
17.01.2014 00:32:38.364,1.48418,1.48218,1.1200,1.2200
17.01.2014 00:32:39.605,1.48418,1.48218,2.6700,1.8200
17.01.2014 00:32:41.200,1.48419,1.48219,1.6000,1.5700
17.01.2014 00:32:42.756,1.48416,1.48216,2.7900,2.5600
17.01.2014 00:32:44.020,1.48415,1.48215,1.5100,1.7600
17.01.2014 00:32:45.270,1.48414,1.48214,1.7300,1.3300
17.01.2014 00:32:46.758,1.48418,1.48218,2.7200,1.5800
17.01.2014 00:32:48.186,1.48418,1.48218,1.9100,2.4300
17.01.2014 00:32:49.648,1.48416,1.48216,2.1700,2.0600
17.01.2014 00:32:51.207,1.48416,1.48216,1.7700,2.4700
17.01.2014 00:32:52.618,1.48417,1.48217,2.4700,2.4100
17.01.2014 00:32:54.002,1.48418,1.48218,1.3900,1.9800
17.01.2014 00:32:55.232,1.48418,1.48218,2.0000,1.4900
17.01.2014 00:32:56.554,1.48416,1.48216,1.1800,1.9100
17.01.2014 00:32:57.831,1.48417,1.48217,2.4300,2.2600
17.01.2014 00:32:59.172,1.48417,1.48217,1.9300,1.3100
17.01.2014 00:33:00.751,1.48419,1.48219,2.0900,1.3000
17.01.2014 00:33:02.153,1.48418,1.48218,1.1100,2.2400
17.01.2014 00:33:03.472,1.48421,1.48221,1.1800,2.6000
17.01.2014 00:33:05.034,1.48425,1.48225,2.4700,2.4500
17.01.2014 00:33:06.232,1.48425,1.48225,2.8100,1.8400
17.01.2014 00:33:07.627,1.48427,1.48227,2.2300,2.4000
17.01.2014 00:33:09.030,1.48425,1.48225,1.2200,1.9900
17.01.2014 00:33:10.383,1.48425,1.48225,2.6200,1.6500
17.01.2014 00:33:11.690,1.48427,1.48227,1.7300,1.5500
17.01.2014 00:33:13.209,1.48426,1.48226,1.2500,1.5600
17.01.2014 00:33:14.788,1.48428,1.48228,1.8800,2.2400
17.01.2014 00:33:16.287,1.48429,1.48229,1.3100,2.4800
17.01.2014 00:33:17.710,1.48432,1.48232,1.1200,2.9700
17.01.2014 00:33:19.082,1.48433,1.48233,2.5100,2.4500
17.01.2014 00:33:20.360,1.48433,1.48233,2.1100,1.5800
17.01.2014 00:33:21.649,1.48433,1.48233,1.0500,2.2200
17.01.2014 00:33:23.154,1.48433,1.48233,1.3100,1.1400
17.01.2014 00:33:24.518,1.48435,1.48235,1.6800,1.0200
17.01.2014 00:33:25.810,1.48432,1.48232,2.1400,1.1400
17.01.2014 00:33:27.196,1.48432,1.48232,2.8000,1.8900
17.01.2014 00:33:28.488,1.48431,1.48231,1.7200,1.2100
17.01.2014 00:33:29.863,1.48432,1.48232,1.2600,2.5100
17.01.2014 00:33:31.427,1.48433,1.48233,1.2700,1.5200
17.01.2014 00:33:32.844,1.48432,1.48232,1.4000,1.0700
17.01.2014 00:33:34.155,1.48431,1.48231,1.2500,1.0500
17.01.2014 00:33:35.531,1.48432,1.48232,1.7400,2.5400
17.01.2014 00:33:36.930,1.48432,1.48232,2.8200,1.4900
17.01.2014 00:33:38.612,1.48435,1.48235,1.8500,1.7200
17.01.2014 00:33:39.985,1.48434,1.48234,2.0100,2.2600
17.01.2014 00:33:41.384,1.48436,1.48236,2.0800,1.0800
17.01.2014 00:33:42.832,1.48436,1.48236,2.6700,2.4500
17.01.2014 00:33:44.267,1.48436,1.48236,2.9500,2.4400
17.01.2014 00:33:45.546,1.48436,1.48236,2.9100,1.2600
17.01.2014 00:33:46.912,1.48438,1.48238,1.3600,1.0700
17.01.2014 00:33:48.455,1.48439,1.48239,1.3200,2.2000
17.01.2014 00:33:49.872,1.48440,1.48240,2.8700,1.0000
17.01.2014 00:33:51.283,1.48439,1.48239,2.0900,1.0800
17.01.2014 00:33:52.724,1.48439,1.48239,2.9800,1.6200
17.01.2014 00:33:54.152,1.48437,1.48237,1.8600,2.4800
17.01.2014 00:33:55.582,1.48438,1.48238,1.0700,1.5900
17.01.2014 00:33:56.935,1.48437,1.48237,1.4900,1.8800
17.01.2014 00:33:58.374,1.48436,1.48236,1.5200,1.3700
17.01.2014 00:33:59.677,1.48435,1.48235,1.9900,1.0200
17.01.2014 00:34:00.982,1.48435,1.48235,2.3900,1.3000
17.01.2014 00:34:02.383,1.48434,1.48234,1.9000,2.0300
17.01.2014 00:34:03.861,1.48435,1.48235,2.4900,1.3700
17.01.2014 00:34:05.080,1.48434,1.48234,2.4400,1.5700
17.01.2014 00:34:06.486,1.48431,1.48231,1.2800,1.6800
17.01.2014 00:34:07.840,1.48431,1.48231,1.3800,1.0700
17.01.2014 00:34:09.202,1.48433,1.48233,2.9700,1.9900
17.01.2014 00:34:10.345,1.48431,1.48231,1.2100,1.8500
17.01.2014 00:34:11.699,1.48430,1.48230,2.7200,2.5500
17.01.2014 00:34:13.150,1.48428,1.48228,2.9800,2.4400
17.01.2014 00:34:14.524,1.48427,1.48227,2.7300,1.9100
17.01.2014 00:34:15.879,1.48429,1.48229,2.8300,2.5600
17.01.2014 00:34:17.199,1.48431,1.48231,1.9800,1.5600
17.01.2014 00:34:18.601,1.48429,1.48229,2.0400,1.1500
17.01.2014 00:34:19.893,1.48432,1.48232,2.5300,1.2800
17.01.2014 00:34:21.154,1.48431,1.48231,1.5900,2.0100
17.01.2014 00:34:22.479,1.48430,1.48230,1.2500,1.5000
17.01.2014 00:34:24.003,1.48431,1.48231,1.0600,2.5500
17.01.2014 00:34:25.318,1.48431,1.48231,1.6300,1.3000
17.01.2014 00:34:26.625,1.48432,1.48232,1.6300,2.3800
17.01.2014 00:34:28.215,1.48430,1.48230,2.5600,1.8300
17.01.2014 00:34:29.688,1.48431,1.48231,1.4000,1.2000
17.01.2014 00:34:31.067,1.48430,1.48230,2.7800,2.2100
17.01.2014 00:34:32.436,1.48432,1.48232,2.8400,2.9900
17.01.2014 00:34:33.893,1.48431,1.48231,2.5900,2.9900
17.01.2014 00:34:35.229,1.48432,1.48232,1.1200,1.0800
17.01.2014 00:34:36.625,1.48431,1.48231,2.1700,2.6900
17.01.2014 00:34:38.011,1.48429,1.48229,1.3300,2.8100
17.01.2014 00:34:39.495,1.48428,1.48228,2.9200,1.1300
17.01.2014 00:34:40.897,1.48426,1.48226,1.5700,2.3100
17.01.2014 00:34:42.091,1.48425,1.48225,1.8700,2.4700
17.01.2014 00:34:43.428,1.48427,1.48227,1.0300,2.8500
17.01.2014 00:34:44.726,1.48427,1.48227,1.2600,2.9300
17.01.2014 00:34:46.355,1.48427,1.48227,2.1300,1.0200
17.01.2014 00:34:47.808,1.48428,1.48228,2.5400,1.0900
17.01.2014 00:34:49.113,1.48430,1.48230,1.6700,1.6600
17.01.2014 00:34:50.381,1.48429,1.48229,2.7000,2.9700
17.01.2014 00:34:51.786,1.48427,1.48227,2.4000,1.1700
17.01.2014 00:34:53.212,1.48427,1.48227,1.7100,1.1800
17.01.2014 00:34:54.413,1.48427,1.48227,2.7400,2.6600
17.01.2014 00:34:55.648,1.48427,1.48227,1.9200,2.3300
17.01.2014 00:34:57.166,1.48427,1.48227,2.8500,1.1400
17.01.2014 00:34:58.619,1.48427,1.48227,2.8400,1.6300
17.01.2014 00:34:59.861,1.48428,1.48228,2.3200,1.9700
17.01.2014 00:35:01.222,1.48426,1.48226,1.4200,2.5300
17.01.2014 00:35:02.654,1.48426,1.48226,2.0500,2.4500
17.01.2014 00:35:03.962,1.48427,1.48227,2.0800,2.7600
17.01.2014 00:35:05.192,1.48426,1.48226,2.1800,2.6000
17.01.2014 00:35:06.526,1.48426,1.48226,1.3100,1.6200
17.01.2014 00:35:07.888,1.48425,1.48225,2.4600,1.0300
17.01.2014 00:35:09.284,1.48425,1.48225,1.2900,2.6200
17.01.2014 00:35:10.581,1.48426,1.48226,1.5300,1.8500
17.01.2014 00:35:11.860,1.48427,1.48227,1.2900,2.0000
17.01.2014 00:35:13.196,1.48426,1.48226,2.2100,2.6900
17.01.2014 00:35:14.694,1.48429,1.48229,2.7100,2.7400
17.01.2014 00:35:16.137,1.48428,1.48228,2.8000,1.1600
17.01.2014 00:35:17.634,1.48429,1.48229,2.1400,1.3900
17.01.2014 00:35:18.932,1.48432,1.48232,2.3200,1.6100
17.01.2014 00:35:20.268,1.48431,1.48231,1.7500,1.1800
17.01.2014 00:35:21.910,1.48428,1.48228,1.7600,2.1100
17.01.2014 00:35:23.513,1.48430,1.48230,1.4300,1.0200
17.01.2014 00:35:24.836,1.48432,1.48232,1.0600,2.3100
17.01.2014 00:35:26.118,1.48434,1.48234,2.6700,2.7600
17.01.2014 00:35:27.592,1.48431,1.48231,2.7000,1.9100
17.01.2014 00:35:29.021,1.48432,1.48232,1.5300,2.3000
17.01.2014 00:35:30.480,1.48431,1.48231,2.4100,2.1900
17.01.2014 00:35:31.891,1.48431,1.48231,2.9800,1.7600
17.01.2014 00:35:33.406,1.48433,1.48233,2.2200,2.1400
17.01.2014 00:35:34.792,1.48435,1.48235,1.8600,2.2600
17.01.2014 00:35:36.162,1.48437,1.48237,1.3500,2.8000
17.01.2014 00:35:37.600,1.48437,1.48237,1.8700,1.2100
17.01.2014 00:35:39.088,1.48435,1.48235,1.2400,1.9300
17.01.2014 00:35:40.482,1.48435,1.48235,2.9200,1.8400
17.01.2014 00:35:42.070,1.48435,1.48235,1.0400,2.4000
17.01.2014 00:35:43.400,1.48438,1.48238,2.7000,2.8900
17.01.2014 00:35:44.770,1.48439,1.48239,1.1400,2.8700
17.01.2014 00:35:46.329,1.48438,1.48238,1.3300,2.1500
17.01.2014 00:35:47.827,1.48438,1.48238,2.5400,1.4500
17.01.2014 00:35:49.009,1.48437,1.48237,1.1400,1.7800
17.01.2014 00:35:50.528,1.48440,1.48240,1.1800,2.5600
17.01.2014 00:35:51.952,1.48437,1.48237,2.5800,1.1700
17.01.2014 00:35:53.464,1.48437,1.48237,1.2900,2.2200
17.01.2014 00:35:55.064,1.48435,1.48235,2.3000,1.3300
17.01.2014 00:35:56.363,1.48438,1.48238,1.7100,2.7900
17.01.2014 00:35:57.504,1.48436,1.48236,2.4400,1.7500
17.01.2014 00:35:58.901,1.48437,1.48237,1.7300,2.5400
17.01.2014 00:36:00.059,1.48438,1.48238,2.5600,1.3200
17.01.2014 00:36:01.520,1.48438,1.48238,2.1800,2.8800
17.01.2014 00:36:02.980,1.48439,1.48239,1.0700,1.9300
17.01.2014 00:36:04.414,1.48439,1.48239,1.6000,1.1800
17.01.2014 00:36:05.943,1.48438,1.48238,1.5000,2.0300
17.01.2014 00:36:07.379,1.48437,1.48237,1.8000,1.2000
17.01.2014 00:36:08.609,1.48437,1.48237,2.9000,2.4700
17.01.2014 00:36:10.011,1.48440,1.48240,2.5300,1.4000
17.01.2014 00:36:11.497,1.48438,1.48238,2.3400,1.5900
17.01.2014 00:36:12.884,1.48439,1.48239,2.9600,2.7600
17.01.2014 00:36:14.240,1.48439,1.48239,2.5500,2.8500
17.01.2014 00:36:15.639,1.48439,1.48239,2.5900,1.2700
17.01.2014 00:36:17.120,1.48439,1.48239,1.4500,1.5800
17.01.2014 00:36:18.544,1.48437,1.48237,1.1500,1.1200
17.01.2014 00:36:19.947,1.48437,1.48237,1.4100,2.2300
17.01.2014 00:36:21.332,1.48435,1.48235,2.6500,1.4000
17.01.2014 00:36:22.756,1.48434,1.48234,1.7200,1.5300
17.01.2014 00:36:24.151,1.48433,1.48233,2.1700,1.1200
17.01.2014 00:36:25.492,1.48434,1.48234,2.3100,1.7200
17.01.2014 00:36:26.855,1.48434,1.48234,1.0400,1.8700
17.01.2014 00:36:28.109,1.48433,1.48233,1.0000,1.4300
17.01.2014 00:36:29.522,1.48434,1.48234,1.9200,2.9900
17.01.2014 00:36:30.788,1.48433,1.48233,1.6000,2.7000
17.01.2014 00:36:32.384,1.48433,1.48233,2.0300,2.1900
17.01.2014 00:36:33.893,1.48434,1.48234,1.4100,2.3300
17.01.2014 00:36:35.411,1.48434,1.48234,2.7300,2.1800
17.01.2014 00:36:36.654,1.48435,1.48235,2.5700,2.4800
17.01.2014 00:36:37.962,1.48435,1.48235,1.7300,2.0000
17.01.2014 00:36:39.307,1.48433,1.48233,1.6900,1.1500
17.01.2014 00:36:40.691,1.48433,1.48233,1.2500,1.8000
17.01.2014 00:36:41.860,1.48433,1.48233,1.5400,1.0300
17.01.2014 00:36:43.330,1.48431,1.48231,2.9500,1.4400
17.01.2014 00:36:44.788,1.48433,1.48233,2.0200,2.4100
17.01.2014 00:36:46.160,1.48433,1.48233,1.3900,2.2600
17.01.2014 00:36:47.570,1.48437,1.48237,2.2200,2.0200
17.01.2014 00:36:48.820,1.48436,1.48236,2.2900,1.2100
17.01.2014 00:36:50.391,1.48437,1.48237,1.1100,1.5700
17.01.2014 00:36:51.898,1.48437,1.48237,2.2600,2.5900
17.01.2014 00:36:53.274,1.48435,1.48235,2.7400,2.8900
17.01.2014 00:36:54.765,1.48437,1.48237,2.1700,1.6600
17.01.2014 00:36:56.194,1.48438,1.48238,2.9700,1.8700
17.01.2014 00:36:57.635,1.48439,1.48239,2.6300,1.2600
17.01.2014 00:36:59.058,1.48439,1.48239,2.5100,2.0900
17.01.2014 00:37:00.418,1.48439,1.48239,2.4200,2.0800
17.01.2014 00:37:01.784,1.48438,1.48238,2.6100,1.3500
17.01.2014 00:37:03.231,1.48436,1.48236,2.4700,2.2200
17.01.2014 00:37:04.518,1.48437,1.48237,1.2300,2.7000
17.01.2014 00:37:06.051,1.48437,1.48237,1.8300,1.3800
17.01.2014 00:37:07.501,1.48436,1.48236,1.7800,1.2100
17.01.2014 00:37:09.003,1.48437,1.48237,1.6800,2.0900
17.01.2014 00:37:10.424,1.48439,1.48239,2.2400,1.9500
17.01.2014 00:37:11.859,1.48436,1.48236,2.0100,2.2700
17.01.2014 00:37:13.228,1.48434,1.48234,2.0400,1.4900
17.01.2014 00:37:14.614,1.48436,1.48236,1.3600,2.6900
17.01.2014 00:37:15.981,1.48440,1.48240,1.8100,1.4100
17.01.2014 00:37:17.336,1.48439,1.48239,1.9000,2.3400
17.01.2014 00:37:18.623,1.48441,1.48241,2.1500,1.8900
17.01.2014 00:37:19.970,1.48444,1.48244,1.4200,2.1100
17.01.2014 00:37:21.315,1.48444,1.48244,2.7400,1.9400
17.01.2014 00:37:22.941,1.48448,1.48248,2.2900,2.0300
17.01.2014 00:37:24.307,1.48446,1.48246,2.1900,1.3900
17.01.2014 00:37:25.585,1.48445,1.48245,1.0700,1.7100
17.01.2014 00:37:26.894,1.48446,1.48246,2.9500,1.1800
17.01.2014 00:37:28.334,1.48444,1.48244,2.0000,1.2900
17.01.2014 00:37:29.632,1.48448,1.48248,2.7200,2.3000
17.01.2014 00:37:31.042,1.48445,1.48245,2.1600,2.7200
17.01.2014 00:37:32.526,1.48448,1.48248,1.4600,1.1700
17.01.2014 00:37:34.162,1.48446,1.48246,2.4900,2.1200
17.01.2014 00:37:35.639,1.48447,1.48247,2.5400,2.9600
17.01.2014 00:37:37.047,1.48448,1.48248,1.2200,1.8600
17.01.2014 00:37:38.390,1.48446,1.48246,1.7600,1.8400
17.01.2014 00:37:39.879,1.48441,1.48241,2.9900,1.4200
17.01.2014 00:37:41.249,1.48442,1.48242,1.4900,1.2600
17.01.2014 00:37:42.636,1.48443,1.48243,1.9600,2.6100
17.01.2014 00:37:43.949,1.48444,1.48244,1.0400,2.4600
17.01.2014 00:37:45.377,1.48445,1.48245,1.2900,2.3800
17.01.2014 00:37:46.630,1.48443,1.48243,2.3200,2.9200
17.01.2014 00:37:48.047,1.48445,1.48245,2.9900,2.3700
17.01.2014 00:37:49.449,1.48448,1.48248,2.1600,2.2500
17.01.2014 00:37:50.846,1.48450,1.48250,2.1300,1.4500
17.01.2014 00:37:52.343,1.48449,1.48249,1.6500,1.3400
17.01.2014 00:37:53.694,1.48450,1.48250,2.3300,1.5600
17.01.2014 00:37:55.026,1.48452,1.48252,1.6800,2.9800
17.01.2014 00:37:56.601,1.48454,1.48254,1.9500,2.8600
17.01.2014 00:37:58.127,1.48453,1.48253,2.7600,2.1000
17.01.2014 00:37:59.507,1.48453,1.48253,2.7900,2.3800
17.01.2014 00:38:00.798,1.48452,1.48252,1.0400,2.3900
17.01.2014 00:38:02.201,1.48450,1.48250,1.6000,2.1400
17.01.2014 00:38:03.632,1.48451,1.48251,1.9700,2.8700
17.01.2014 00:38:05.099,1.48453,1.48253,2.1800,1.0400
17.01.2014 00:38:06.568,1.48453,1.48253,1.0300,1.2400
17.01.2014 00:38:07.925,1.48455,1.48255,1.9900,1.7700
17.01.2014 00:38:09.271,1.48458,1.48258,1.1200,2.4500
17.01.2014 00:38:10.737,1.48461,1.48261,1.7600,2.8500
17.01.2014 00:38:12.204,1.48461,1.48261,2.3300,2.5900
17.01.2014 00:38:13.620,1.48463,1.48263,1.4300,2.7800
17.01.2014 00:38:14.980,1.48464,1.48264,1.6400,2.7600
17.01.2014 00:38:16.345,1.48462,1.48262,2.9400,1.7600
17.01.2014 00:38:17.835,1.48467,1.48267,3.0000,1.3100
17.01.2014 00:38:19.236,1.48468,1.48268,2.0300,1.8200
17.01.2014 00:38:20.449,1.48471,1.48271,1.4000,2.2800
17.01.2014 00:38:21.933,1.48470,1.48270,1.4300,2.3500
17.01.2014 00:38:23.226,1.48470,1.48270,2.5600,1.2900
17.01.2014 00:38:24.765,1.48472,1.48272,1.5800,1.4600
17.01.2014 00:38:26.220,1.48471,1.48271,1.9100,2.0500
17.01.2014 00:38:27.667,1.48471,1.48271,2.9200,1.4000
17.01.2014 00:38:29.158,1.48474,1.48274,1.1400,2.2200
17.01.2014 00:38:30.647,1.48474,1.48274,1.7000,2.5200
17.01.2014 00:38:31.867,1.48476,1.48276,2.3900,1.2900
17.01.2014 00:38:33.156,1.48477,1.48277,1.8200,1.9200
17.01.2014 00:38:34.774,1.48480,1.48280,1.4600,1.1800
17.01.2014 00:38:36.114,1.48480,1.48280,1.3700,2.4900
17.01.2014 00:38:37.530,1.48480,1.48280,2.7700,2.8200
17.01.2014 00:38:38.884,1.48479,1.48279,2.9300,2.8200
17.01.2014 00:38:40.299,1.48478,1.48278,2.9200,2.0700
17.01.2014 00:38:41.649,1.48479,1.48279,2.7400,1.1000
17.01.2014 00:38:43.157,1.48479,1.48279,2.9100,1.7600
17.01.2014 00:38:44.415,1.48481,1.48281,2.8200,2.5000
17.01.2014 00:38:45.954,1.48479,1.48279,1.3400,2.7300
17.01.2014 00:38:47.406,1.48481,1.48281,2.2300,1.4200
17.01.2014 00:38:48.793,1.48483,1.48283,2.5600,2.7100
17.01.2014 00:38:50.193,1.48481,1.48281,1.9200,2.2600
17.01.2014 00:38:51.475,1.48480,1.48280,1.5600,2.2600
17.01.2014 00:38:52.880,1.48478,1.48278,1.9000,2.0800
17.01.2014 00:38:54.220,1.48479,1.48279,2.1300,2.3300
17.01.2014 00:38:55.608,1.48480,1.48280,2.5400,2.6200
17.01.2014 00:38:56.931,1.48480,1.48280,2.9700,1.8200
17.01.2014 00:38:58.386,1.48483,1.48283,2.0000,2.4800
17.01.2014 00:38:59.904,1.48485,1.48285,1.9000,2.2000
17.01.2014 00:39:01.394,1.48486,1.48286,1.2900,1.4800
17.01.2014 00:39:02.825,1.48485,1.48285,1.3700,1.7900
17.01.2014 00:39:04.170,1.48486,1.48286,2.7400,2.8400
17.01.2014 00:39:05.717,1.48486,1.48286,2.5600,1.3000
17.01.2014 00:39:07.050,1.48486,1.48286,1.3400,2.2600
17.01.2014 00:39:08.462,1.48487,1.48287,2.4900,1.9100
17.01.2014 00:39:09.844,1.48484,1.48284,2.3400,2.2800
17.01.2014 00:39:11.345,1.48484,1.48284,1.9200,2.0100
17.01.2014 00:39:12.676,1.48486,1.48286,1.3100,2.9500
17.01.2014 00:39:13.952,1.48485,1.48285,1.3000,2.8400
17.01.2014 00:39:15.445,1.48486,1.48286,1.1900,1.2500
17.01.2014 00:39:16.588,1.48487,1.48287,2.5000,1.5300
17.01.2014 00:39:18.194,1.48486,1.48286,1.5200,2.2800
17.01.2014 00:39:19.561,1.48485,1.48285,1.3600,2.6200
17.01.2014 00:39:20.997,1.48486,1.48286,2.2100,2.6100
17.01.2014 00:39:22.506,1.48486,1.48286,2.9700,1.0100
17.01.2014 00:39:23.909,1.48487,1.48287,1.5300,2.9800
17.01.2014 00:39:25.252,1.48487,1.48287,2.9700,2.6400
17.01.2014 00:39:26.655,1.48488,1.48288,1.5800,1.8400
17.01.2014 00:39:27.886,1.48488,1.48288,2.7100,1.2600
17.01.2014 00:39:29.348,1.48488,1.48288,1.5400,1.7600
17.01.2014 00:39:30.780,1.48486,1.48286,2.4000,1.9500
17.01.2014 00:39:32.414,1.48483,1.48283,2.6200,2.3000
17.01.2014 00:39:33.867,1.48483,1.48283,1.7800,2.7100
17.01.2014 00:39:35.446,1.48485,1.48285,2.9700,2.1600
17.01.2014 00:39:36.912,1.48486,1.48286,1.3300,1.6800
17.01.2014 00:39:38.207,1.48486,1.48286,2.8100,2.7300
17.01.2014 00:39:39.631,1.48488,1.48288,1.2500,1.4700
17.01.2014 00:39:41.073,1.48490,1.48290,1.8100,2.1600
17.01.2014 00:39:42.505,1.48490,1.48290,1.5600,2.5400
17.01.2014 00:39:44.073,1.48488,1.48288,1.7200,1.5800
17.01.2014 00:39:45.403,1.48488,1.48288,1.7700,1.9200
17.01.2014 00:39:46.725,1.48490,1.48290,2.1600,1.9200
17.01.2014 00:39:48.217,1.48491,1.48291,1.3500,2.1600
17.01.2014 00:39:49.517,1.48491,1.48291,2.4200,1.3400
17.01.2014 00:39:50.792,1.48493,1.48293,1.3700,1.2100
17.01.2014 00:39:52.269,1.48491,1.48291,1.1200,1.6500
17.01.2014 00:39:53.768,1.48491,1.48291,2.3400,2.0400
17.01.2014 00:39:55.064,1.48489,1.48289,2.6000,2.1900
17.01.2014 00:39:56.464,1.48491,1.48291,2.3200,1.7800
17.01.2014 00:39:57.906,1.48490,1.48290,1.3900,2.9300
17.01.2014 00:39:59.383,1.48489,1.48289,2.8600,1.1600
17.01.2014 00:40:00.718,1.48488,1.48288,1.9200,2.7700
17.01.2014 00:40:02.065,1.48486,1.48286,2.9800,2.9100
17.01.2014 00:40:03.506,1.48488,1.48288,2.6900,1.6600
17.01.2014 00:40:05.162,1.48488,1.48288,2.0300,2.4400
17.01.2014 00:40:06.453,1.48488,1.48288,1.2900,1.7800
17.01.2014 00:40:07.822,1.48487,1.48287,2.4600,2.9400
17.01.2014 00:40:09.177,1.48486,1.48286,2.8100,2.2600
17.01.2014 00:40:10.587,1.48489,1.48289,1.4500,2.0200
17.01.2014 00:40:11.953,1.48489,1.48289,2.1500,2.7300
17.01.2014 00:40:13.236,1.48491,1.48291,1.5400,1.3900
17.01.2014 00:40:14.567,1.48490,1.48290,2.6400,1.7500
17.01.2014 00:40:15.826,1.48488,1.48288,1.6100,1.0300
17.01.2014 00:40:17.147,1.48490,1.48290,2.8000,2.3600
17.01.2014 00:40:18.494,1.48491,1.48291,2.2700,2.3900
17.01.2014 00:40:19.880,1.48491,1.48291,1.4600,1.2000
17.01.2014 00:40:21.081,1.48491,1.48291,1.3600,2.2200
17.01.2014 00:40:22.484,1.48490,1.48290,1.3300,2.9800
17.01.2014 00:40:24.027,1.48491,1.48291,1.8000,1.5400
17.01.2014 00:40:25.423,1.48493,1.48293,2.4200,2.7600
17.01.2014 00:40:26.822,1.48492,1.48292,1.1800,2.4200
17.01.2014 00:40:28.386,1.48494,1.48294,2.0500,2.9900
17.01.2014 00:40:29.832,1.48493,1.48293,2.9300,1.5300
17.01.2014 00:40:31.108,1.48490,1.48290,2.6000,1.1200
17.01.2014 00:40:32.515,1.48491,1.48291,2.9300,2.6700
17.01.2014 00:40:33.895,1.48489,1.48289,1.1500,2.8700
17.01.2014 00:40:35.406,1.48489,1.48289,1.2700,1.5600
17.01.2014 00:40:36.883,1.48487,1.48287,2.4100,2.6100
17.01.2014 00:40:38.341,1.48490,1.48290,2.4800,1.0900
17.01.2014 00:40:39.605,1.48489,1.48289,1.6800,1.8700
17.01.2014 00:40:41.040,1.48489,1.48289,2.7600,2.2800
17.01.2014 00:40:42.433,1.48486,1.48286,2.7300,2.1900
17.01.2014 00:40:43.829,1.48485,1.48285,2.0000,1.1800
17.01.2014 00:40:44.974,1.48482,1.48282,2.6600,1.7100
17.01.2014 00:40:46.392,1.48484,1.48284,1.8600,1.9600
17.01.2014 00:40:47.850,1.48484,1.48284,2.6600,2.1800
17.01.2014 00:40:49.259,1.48485,1.48285,1.0900,1.1400
17.01.2014 00:40:50.746,1.48484,1.48284,1.7600,2.5400
17.01.2014 00:40:52.279,1.48483,1.48283,2.9900,1.6200
17.01.2014 00:40:53.748,1.48486,1.48286,2.4200,1.9300
17.01.2014 00:40:55.171,1.48483,1.48283,2.6600,2.6500
17.01.2014 00:40:56.501,1.48483,1.48283,2.0900,2.1500
17.01.2014 00:40:57.859,1.48484,1.48284,2.8900,1.4600
17.01.2014 00:40:59.276,1.48485,1.48285,1.4300,1.2500
17.01.2014 00:41:00.677,1.48486,1.48286,2.3800,1.5900
17.01.2014 00:41:02.072,1.48484,1.48284,1.8500,2.9400
17.01.2014 00:41:03.328,1.48484,1.48284,2.5000,1.5100
17.01.2014 00:41:04.655,1.48486,1.48286,2.2300,1.0000
17.01.2014 00:41:06.185,1.48484,1.48284,1.0000,1.2700
17.01.2014 00:41:07.413,1.48483,1.48283,2.4500,1.1300
17.01.2014 00:41:08.874,1.48483,1.48283,1.2700,1.6500
17.01.2014 00:41:10.176,1.48482,1.48282,1.9600,1.1900
17.01.2014 00:41:11.534,1.48482,1.48282,1.1900,1.8300
17.01.2014 00:41:12.837,1.48484,1.48284,2.9200,2.0900
17.01.2014 00:41:14.429,1.48485,1.48285,1.0200,2.0100
17.01.2014 00:41:15.806,1.48484,1.48284,2.3300,1.2700
17.01.2014 00:41:17.095,1.48485,1.48285,2.6500,2.8400
17.01.2014 00:41:18.449,1.48486,1.48286,2.6400,1.9600
17.01.2014 00:41:19.840,1.48487,1.48287,2.5000,1.6000
17.01.2014 00:41:21.384,1.48486,1.48286,1.6700,1.2900
17.01.2014 00:41:22.832,1.48483,1.48283,1.1400,1.1200
17.01.2014 00:41:24.199,1.48484,1.48284,1.1300,2.0900
17.01.2014 00:41:25.411,1.48484,1.48284,2.4600,1.0700
17.01.2014 00:41:26.928,1.48482,1.48282,2.0200,2.4300
17.01.2014 00:41:28.520,1.48484,1.48284,1.7700,2.2400
17.01.2014 00:41:29.830,1.48482,1.48282,2.3200,1.5700
17.01.2014 00:41:31.270,1.48483,1.48283,2.5200,1.7100
17.01.2014 00:41:32.636,1.48481,1.48281,1.0700,1.3800
17.01.2014 00:41:33.831,1.48479,1.48279,1.9900,2.9400
17.01.2014 00:41:35.272,1.48479,1.48279,1.3900,2.2400
17.01.2014 00:41:36.546,1.48478,1.48278,1.1600,1.3800
17.01.2014 00:41:37.956,1.48477,1.48277,2.9900,2.7500
17.01.2014 00:41:39.351,1.48474,1.48274,2.4500,2.6300
17.01.2014 00:41:40.904,1.48476,1.48276,2.8000,1.8000
17.01.2014 00:41:42.341,1.48476,1.48276,1.4100,2.6000
17.01.2014 00:41:43.823,1.48477,1.48277,2.0000,2.9500
17.01.2014 00:41:45.328,1.48476,1.48276,2.9700,1.8000
17.01.2014 00:41:46.619,1.48478,1.48278,1.6900,2.7800
17.01.2014 00:41:48.063,1.48479,1.48279,1.7400,2.8700
17.01.2014 00:41:49.610,1.48477,1.48277,1.4400,2.4500
17.01.2014 00:41:50.888,1.48478,1.48278,1.2900,1.6500
17.01.2014 00:41:52.230,1.48477,1.48277,2.3300,2.7900
17.01.2014 00:41:53.778,1.48478,1.48278,1.4200,1.9100
17.01.2014 00:41:55.044,1.48476,1.48276,1.8800,2.3300
17.01.2014 00:41:56.276,1.48476,1.48276,1.2700,1.0500
17.01.2014 00:41:57.701,1.48477,1.48277,1.1600,1.9400
17.01.2014 00:41:59.114,1.48476,1.48276,2.3200,2.5000
17.01.2014 00:42:00.401,1.48477,1.48277,2.8200,1.4900
17.01.2014 00:42:01.671,1.48479,1.48279,2.1200,1.3300
17.01.2014 00:42:03.108,1.48477,1.48277,1.4000,1.1800
17.01.2014 00:42:04.381,1.48476,1.48276,2.9500,1.4800
17.01.2014 00:42:05.782,1.48476,1.48276,1.1300,1.4900
17.01.2014 00:42:07.136,1.48477,1.48277,1.9600,2.3300
17.01.2014 00:42:08.493,1.48476,1.48276,1.0800,2.3800
17.01.2014 00:42:09.756,1.48478,1.48278,1.6300,1.9700
17.01.2014 00:42:11.371,1.48482,1.48282,2.6800,1.3300
17.01.2014 00:42:12.827,1.48482,1.48282,1.7600,1.1700
17.01.2014 00:42:14.203,1.48480,1.48280,2.1500,2.8000
17.01.2014 00:42:15.506,1.48478,1.48278,1.2500,2.2000
17.01.2014 00:42:16.943,1.48476,1.48276,2.3000,1.9800
17.01.2014 00:42:18.551,1.48475,1.48275,2.5600,2.8800
17.01.2014 00:42:19.969,1.48475,1.48275,1.3000,2.3200
17.01.2014 00:42:21.349,1.48473,1.48273,2.1200,2.4800
17.01.2014 00:42:22.773,1.48471,1.48271,1.4900,2.4100
17.01.2014 00:42:24.181,1.48469,1.48269,1.9300,2.4300
17.01.2014 00:42:25.486,1.48471,1.48271,1.3700,2.3700
17.01.2014 00:42:26.970,1.48471,1.48271,2.5000,2.9800
17.01.2014 00:42:28.449,1.48471,1.48271,1.3200,2.4700
17.01.2014 00:42:29.874,1.48471,1.48271,2.7600,2.6100
17.01.2014 00:42:31.528,1.48474,1.48274,2.9800,1.8500
17.01.2014 00:42:32.990,1.48474,1.48274,2.7100,2.9800
17.01.2014 00:42:34.532,1.48475,1.48275,2.3700,1.4400
17.01.2014 00:42:35.790,1.48476,1.48276,1.1700,2.0800
17.01.2014 00:42:37.228,1.48474,1.48274,1.0600,1.4900
17.01.2014 00:42:38.787,1.48476,1.48276,1.1700,1.4600
17.01.2014 00:42:40.134,1.48473,1.48273,2.9700,1.5400
17.01.2014 00:42:41.626,1.48472,1.48272,2.5000,1.0400
17.01.2014 00:42:43.070,1.48469,1.48269,1.8600,2.7700
17.01.2014 00:42:44.490,1.48472,1.48272,1.4500,2.5900
17.01.2014 00:42:45.825,1.48474,1.48274,2.3900,2.7900
17.01.2014 00:42:47.192,1.48474,1.48274,1.6500,1.0400
17.01.2014 00:42:48.493,1.48475,1.48275,1.3100,1.2100
17.01.2014 00:42:49.911,1.48475,1.48275,1.3300,2.0800
17.01.2014 00:42:51.310,1.48478,1.48278,1.5600,1.6400
17.01.2014 00:42:52.555,1.48480,1.48280,1.7000,2.9600
17.01.2014 00:42:53.722,1.48480,1.48280,1.5100,2.7600
17.01.2014 00:42:55.283,1.48477,1.48277,2.5000,2.0000
17.01.2014 00:42:56.570,1.48478,1.48278,1.5800,1.7100
17.01.2014 00:42:58.004,1.48476,1.48276,2.3100,2.7900
17.01.2014 00:42:59.389,1.48477,1.48277,1.3100,1.7000
17.01.2014 00:43:00.873,1.48476,1.48276,1.5600,2.6200
17.01.2014 00:43:02.315,1.48473,1.48273,2.3700,2.1700
17.01.2014 00:43:03.749,1.48473,1.48273,2.2200,1.5300
17.01.2014 00:43:05.109,1.48474,1.48274,2.7500,2.5300
17.01.2014 00:43:06.617,1.48475,1.48275,2.1200,1.7700
17.01.2014 00:43:08.251,1.48473,1.48273,1.1000,2.2900
17.01.2014 00:43:09.396,1.48472,1.48272,2.1900,2.3600
17.01.2014 00:43:10.814,1.48470,1.48270,1.5900,1.9000
17.01.2014 00:43:12.215,1.48470,1.48270,2.6900,2.4800
17.01.2014 00:43:13.474,1.48471,1.48271,1.6400,2.2400
17.01.2014 00:43:14.965,1.48469,1.48269,1.5900,2.0300
17.01.2014 00:43:16.542,1.48470,1.48270,1.9800,2.3400
17.01.2014 00:43:17.729,1.48471,1.48271,1.9600,1.5800
17.01.2014 00:43:19.193,1.48470,1.48270,2.2600,2.8600
