Time,Ask,Bid,AskVolume,BidVolume
21.01.2014 00:00:02.121,1.47620,1.47420,1.8300,1.1800
21.01.2014 00:00:03.410,1.47620,1.47420,2.7900,1.6300
21.01.2014 00:00:04.831,1.47619,1.47419,2.9900,1.5300
21.01.2014 00:00:06.340,1.47618,1.47418,2.5400,1.8100
21.01.2014 00:00:07.767,1.47617,1.47417,1.9800,2.3100
21.01.2014 00:00:08.987,1.47617,1.47417,1.3100,1.0100
21.01.2014 00:00:10.238,1.47619,1.47419,1.9700,1.7800
21.01.2014 00:00:11.564,1.47621,1.47421,1.6600,1.3700
21.01.2014 00:00:12.910,1.47622,1.47422,1.8600,1.3000
21.01.2014 00:00:14.294,1.47621,1.47421,1.9100,2.1400
21.01.2014 00:00:15.652,1.47622,1.47422,1.8600,2.3300
21.01.2014 00:00:17.372,1.47620,1.47420,1.9100,2.3800
21.01.2014 00:00:18.789,1.47620,1.47420,2.7500,1.3200
21.01.2014 00:00:20.277,1.47621,1.47421,2.0300,1.0500
21.01.2014 00:00:21.775,1.47618,1.47418,1.7000,1.4200
21.01.2014 00:00:23.185,1.47619,1.47419,1.9800,2.6100
21.01.2014 00:00:24.488,1.47619,1.47419,1.1900,2.7500
21.01.2014 00:00:25.878,1.47618,1.47418,2.3500,1.2300
21.01.2014 00:00:27.294,1.47617,1.47417,2.8400,2.5000
21.01.2014 00:00:28.771,1.47618,1.47418,1.6100,2.8000
21.01.2014 00:00:30.095,1.47620,1.47420,2.9800,2.9800
21.01.2014 00:00:31.544,1.47621,1.47421,1.0200,2.8900
21.01.2014 00:00:32.949,1.47622,1.47422,1.7900,2.3600
21.01.2014 00:00:34.386,1.47623,1.47423,2.4000,2.0400
21.01.2014 00:00:35.712,1.47626,1.47426,2.9200,2.5200
21.01.2014 00:00:37.322,1.47625,1.47425,2.4100,2.1500
21.01.2014 00:00:38.710,1.47624,1.47424,2.9600,2.3100
21.01.2014 00:00:40.033,1.47624,1.47424,2.4300,1.9400
21.01.2014 00:00:41.226,1.47627,1.47427,1.6000,1.5600
21.01.2014 00:00:42.654,1.47628,1.47428,1.0800,2.9000
21.01.2014 00:00:43.928,1.47627,1.47427,1.8800,1.7200
21.01.2014 00:00:45.167,1.47626,1.47426,2.2800,1.0300
21.01.2014 00:00:46.606,1.47628,1.47428,1.9600,1.3700
21.01.2014 00:00:47.997,1.47628,1.47428,2.3000,1.9700
21.01.2014 00:00:49.351,1.47630,1.47430,2.2400,1.0300
21.01.2014 00:00:50.713,1.47634,1.47434,2.0400,2.6400
21.01.2014 00:00:52.241,1.47634,1.47434,2.9700,1.1800
21.01.2014 00:00:53.611,1.47636,1.47436,1.3200,1.4000
21.01.2014 00:00:54.922,1.47639,1.47439,2.9500,2.7900
21.01.2014 00:00:56.294,1.47640,1.47440,1.3500,1.5500
21.01.2014 00:00:57.593,1.47638,1.47438,2.3000,1.8900
21.01.2014 00:00:58.968,1.47640,1.47440,1.6800,2.2100
21.01.2014 00:01:00.445,1.47636,1.47436,1.0500,1.2700
21.01.2014 00:01:01.947,1.47638,1.47438,1.2500,1.0400
21.01.2014 00:01:03.404,1.47637,1.47437,2.3500,1.0700
21.01.2014 00:01:04.756,1.47637,1.47437,2.8400,2.4300
21.01.2014 00:01:06.084,1.47636,1.47436,2.3500,2.0500
21.01.2014 00:01:07.370,1.47636,1.47436,1.3300,2.3100
21.01.2014 00:01:08.922,1.47635,1.47435,1.6700,1.4700
21.01.2014 00:01:10.249,1.47633,1.47433,1.4800,2.7900
21.01.2014 00:01:11.698,1.47631,1.47431,1.5500,2.0100
21.01.2014 00:01:13.184,1.47632,1.47432,1.4600,1.9200
21.01.2014 00:01:14.601,1.47632,1.47432,1.5100,2.4800
21.01.2014 00:01:16.024,1.47632,1.47432,1.6600,1.5300
21.01.2014 00:01:17.375,1.47629,1.47429,1.8400,1.2900
21.01.2014 00:01:18.598,1.47630,1.47430,1.1400,1.7900
21.01.2014 00:01:19.909,1.47628,1.47428,2.9400,1.1700
21.01.2014 00:01:21.182,1.47629,1.47429,1.3200,1.2600
21.01.2014 00:01:22.624,1.47632,1.47432,2.2000,2.6800
21.01.2014 00:01:24.032,1.47632,1.47432,2.7800,2.4300
21.01.2014 00:01:25.451,1.47632,1.47432,2.5100,1.5800
21.01.2014 00:01:26.792,1.47631,1.47431,1.7200,1.0400
21.01.2014 00:01:28.234,1.47633,1.47433,1.1700,2.9500
21.01.2014 00:01:29.518,1.47632,1.47432,1.5000,2.3900
21.01.2014 00:01:31.023,1.47632,1.47432,2.6800,2.1500
21.01.2014 00:01:32.561,1.47628,1.47428,2.4100,2.9100
21.01.2014 00:01:33.947,1.47628,1.47428,1.6800,1.2500
21.01.2014 00:01:35.414,1.47627,1.47427,1.0300,2.9700
21.01.2014 00:01:36.942,1.47627,1.47427,1.1000,1.7900
21.01.2014 00:01:38.496,1.47628,1.47428,2.4100,1.8000
21.01.2014 00:01:39.837,1.47630,1.47430,1.2900,2.9900
21.01.2014 00:01:40.966,1.47632,1.47432,2.0700,1.0800
21.01.2014 00:01:42.301,1.47634,1.47434,1.1700,2.9700
21.01.2014 00:01:43.790,1.47632,1.47432,1.5900,1.2300
21.01.2014 00:01:45.031,1.47632,1.47432,1.3600,2.0400
21.01.2014 00:01:46.477,1.47632,1.47432,1.8700,1.3600
21.01.2014 00:01:47.915,1.47632,1.47432,2.2400,2.4200
21.01.2014 00:01:49.284,1.47634,1.47434,2.8700,1.7900
21.01.2014 00:01:50.708,1.47635,1.47435,1.4800,2.2200
21.01.2014 00:01:52.193,1.47636,1.47436,1.7800,1.4800
21.01.2014 00:01:53.429,1.47636,1.47436,1.8700,1.0900
21.01.2014 00:01:54.922,1.47636,1.47436,2.3100,2.0800
21.01.2014 00:01:56.376,1.47635,1.47435,2.3200,1.7500
21.01.2014 00:01:57.613,1.47639,1.47439,2.7000,1.1500
21.01.2014 00:01:59.261,1.47636,1.47436,2.9700,2.8800
21.01.2014 00:02:00.655,1.47636,1.47436,1.3200,2.3200
21.01.2014 00:02:01.943,1.47636,1.47436,2.9900,2.1400
21.01.2014 00:02:03.503,1.47640,1.47440,1.3100,2.1000
21.01.2014 00:02:05.136,1.47639,1.47439,2.7300,2.1200
21.01.2014 00:02:06.466,1.47640,1.47440,2.9300,2.9800
21.01.2014 00:02:07.951,1.47639,1.47439,1.9200,2.0400
21.01.2014 00:02:09.330,1.47636,1.47436,1.0100,2.1200
21.01.2014 00:02:10.720,1.47637,1.47437,1.0600,2.7600
21.01.2014 00:02:12.108,1.47637,1.47437,1.9100,2.8400
21.01.2014 00:02:13.671,1.47640,1.47440,2.7000,1.9000
21.01.2014 00:02:15.018,1.47641,1.47441,1.8400,2.5600
21.01.2014 00:02:16.447,1.47638,1.47438,1.0600,2.1300
21.01.2014 00:02:18.049,1.47641,1.47441,1.7800,2.5000
21.01.2014 00:02:19.396,1.47643,1.47443,2.7300,2.8000
21.01.2014 00:02:20.818,1.47644,1.47444,2.7100,2.5700
21.01.2014 00:02:22.257,1.47645,1.47445,1.9600,1.1200
21.01.2014 00:02:23.720,1.47647,1.47447,2.3200,2.1400
21.01.2014 00:02:24.880,1.47647,1.47447,1.5700,1.3200
21.01.2014 00:02:26.421,1.47648,1.47448,2.2600,1.5600
21.01.2014 00:02:27.819,1.47647,1.47447,1.1300,1.8200
21.01.2014 00:02:29.254,1.47647,1.47447,2.0700,3.0000
21.01.2014 00:02:30.637,1.47644,1.47444,1.5300,2.9900
21.01.2014 00:02:32.013,1.47646,1.47446,1.5400,1.0100
21.01.2014 00:02:33.410,1.47645,1.47445,1.3200,2.5900
21.01.2014 00:02:34.794,1.47645,1.47445,1.9500,2.5300
21.01.2014 00:02:36.157,1.47645,1.47445,2.5200,1.2400
21.01.2014 00:02:37.599,1.47645,1.47445,1.0800,1.9500
21.01.2014 00:02:39.004,1.47646,1.47446,1.7700,2.3600
21.01.2014 00:02:40.354,1.47645,1.47445,2.9000,1.9300
21.01.2014 00:02:41.739,1.47643,1.47443,2.0800,1.7100
21.01.2014 00:02:43.206,1.47644,1.47444,1.4200,2.0600
21.01.2014 00:02:44.649,1.47645,1.47445,1.6000,2.9300
21.01.2014 00:02:46.062,1.47644,1.47444,2.1500,2.8100
21.01.2014 00:02:47.420,1.47645,1.47445,2.8300,2.0200
21.01.2014 00:02:48.968,1.47645,1.47445,1.6900,1.3900
21.01.2014 00:02:50.445,1.47646,1.47446,2.0800,1.3100
21.01.2014 00:02:51.879,1.47648,1.47448,1.6000,2.2900
21.01.2014 00:02:53.369,1.47647,1.47447,1.1400,2.4300
21.01.2014 00:02:54.710,1.47649,1.47449,2.1100,1.5500
21.01.2014 00:02:55.994,1.47647,1.47447,2.5700,1.5400
21.01.2014 00:02:57.385,1.47642,1.47442,1.1700,1.4200
21.01.2014 00:02:58.836,1.47639,1.47439,2.8200,1.5600
21.01.2014 00:03:00.100,1.47640,1.47440,2.2700,1.9800
21.01.2014 00:03:01.608,1.47640,1.47440,1.0200,2.7400
21.01.2014 00:03:02.879,1.47638,1.47438,2.3500,1.6800
21.01.2014 00:03:04.273,1.47638,1.47438,2.7200,1.7800
21.01.2014 00:03:05.601,1.47638,1.47438,2.8200,2.0800
21.01.2014 00:03:07.095,1.47640,1.47440,1.2400,1.1500
21.01.2014 00:03:08.378,1.47639,1.47439,2.7000,1.9500
21.01.2014 00:03:09.795,1.47640,1.47440,2.6400,1.0500
21.01.2014 00:03:11.222,1.47642,1.47442,1.5700,2.7000
21.01.2014 00:03:12.598,1.47644,1.47444,2.5300,2.6200
21.01.2014 00:03:13.947,1.47647,1.47447,1.6400,2.1200
21.01.2014 00:03:15.238,1.47646,1.47446,1.4400,1.8900
21.01.2014 00:03:16.698,1.47646,1.47446,2.7400,1.6900
21.01.2014 00:03:18.167,1.47645,1.47445,2.3900,1.5800
21.01.2014 00:03:19.416,1.47645,1.47445,1.8000,1.2600
21.01.2014 00:03:20.734,1.47644,1.47444,1.9500,2.9400
21.01.2014 00:03:22.186,1.47642,1.47442,1.9700,1.2300
21.01.2014 00:03:23.463,1.47642,1.47442,2.4800,1.8600
21.01.2014 00:03:24.805,1.47640,1.47440,1.2500,1.2500
21.01.2014 00:03:26.322,1.47642,1.47442,1.7200,2.0100
21.01.2014 00:03:27.715,1.47642,1.47442,1.7900,2.2700
21.01.2014 00:03:29.049,1.47642,1.47442,1.4900,1.7900
21.01.2014 00:03:30.464,1.47643,1.47443,1.6300,1.7200
21.01.2014 00:03:31.844,1.47643,1.47443,2.6300,1.9600
21.01.2014 00:03:33.430,1.47642,1.47442,2.8000,2.4100
21.01.2014 00:03:34.893,1.47644,1.47444,1.7000,2.8700
21.01.2014 00:03:36.451,1.47647,1.47447,1.1000,1.7500
21.01.2014 00:03:37.798,1.47647,1.47447,2.7400,1.5600
21.01.2014 00:03:39.225,1.47645,1.47445,2.1700,2.2600
21.01.2014 00:03:40.783,1.47647,1.47447,1.4100,2.6100
21.01.2014 00:03:42.105,1.47649,1.47449,1.1800,2.0500
21.01.2014 00:03:43.355,1.47649,1.47449,1.6200,1.6700
21.01.2014 00:03:44.957,1.47652,1.47452,2.9400,1.4800
21.01.2014 00:03:46.199,1.47653,1.47453,2.5500,1.9900
21.01.2014 00:03:47.481,1.47655,1.47455,2.8700,1.9800
21.01.2014 00:03:48.753,1.47654,1.47454,1.5700,1.1600
21.01.2014 00:03:50.138,1.47652,1.47452,1.1700,2.0900
21.01.2014 00:03:51.659,1.47647,1.47447,2.4800,2.8500
21.01.2014 00:03:52.982,1.47646,1.47446,1.4100,1.6700
21.01.2014 00:03:54.686,1.47645,1.47445,2.3600,1.8400
21.01.2014 00:03:56.125,1.47646,1.47446,1.8200,2.8400
21.01.2014 00:03:57.502,1.47647,1.47447,2.2200,2.4900
21.01.2014 00:03:58.986,1.47648,1.47448,2.3700,2.3000
21.01.2014 00:04:00.337,1.47648,1.47448,2.0500,1.0900
21.01.2014 00:04:01.696,1.47647,1.47447,2.2700,2.2600
21.01.2014 00:04:02.964,1.47649,1.47449,2.3000,2.0600
21.01.2014 00:04:04.611,1.47649,1.47449,1.0100,1.9800
21.01.2014 00:04:06.058,1.47647,1.47447,1.6900,2.2500
21.01.2014 00:04:07.360,1.47646,1.47446,2.1800,1.5300
21.01.2014 00:04:08.949,1.47647,1.47447,2.0200,1.5000
21.01.2014 00:04:10.297,1.47648,1.47448,1.5300,1.1900
21.01.2014 00:04:11.893,1.47649,1.47449,1.6200,2.8900
21.01.2014 00:04:13.380,1.47652,1.47452,1.2800,2.3500
21.01.2014 00:04:14.685,1.47652,1.47452,1.5600,1.1200
21.01.2014 00:04:16.209,1.47653,1.47453,1.5500,2.0000
21.01.2014 00:04:17.561,1.47655,1.47455,2.6200,2.2300
21.01.2014 00:04:18.938,1.47654,1.47454,2.9400,1.5900
21.01.2014 00:04:20.196,1.47653,1.47453,2.6900,2.5300
21.01.2014 00:04:21.541,1.47652,1.47452,1.5100,2.2700
21.01.2014 00:04:23.052,1.47651,1.47451,1.7800,1.3700
21.01.2014 00:04:24.410,1.47652,1.47452,2.4400,1.9300
21.01.2014 00:04:25.772,1.47651,1.47451,2.7600,1.8200
21.01.2014 00:04:27.152,1.47651,1.47451,2.4700,1.4900
21.01.2014 00:04:28.502,1.47650,1.47450,2.7800,1.9000
21.01.2014 00:04:29.743,1.47651,1.47451,2.7100,1.0800
21.01.2014 00:04:31.160,1.47651,1.47451,1.5200,2.8900
21.01.2014 00:04:32.512,1.47655,1.47455,2.7300,2.1300
21.01.2014 00:04:33.915,1.47656,1.47456,2.2200,2.8600
21.01.2014 00:04:35.367,1.47655,1.47455,1.5500,1.9700
21.01.2014 00:04:36.693,1.47653,1.47453,2.0800,2.0500
21.01.2014 00:04:38.029,1.47653,1.47453,1.0600,1.1900
21.01.2014 00:04:39.321,1.47654,1.47454,2.0000,2.5000
21.01.2014 00:04:40.692,1.47653,1.47453,2.7100,1.4800
21.01.2014 00:04:42.072,1.47654,1.47454,1.6000,2.6700
21.01.2014 00:04:43.552,1.47651,1.47451,1.8600,2.3400
21.01.2014 00:04:45.073,1.47648,1.47448,2.7500,1.2400
21.01.2014 00:04:46.419,1.47651,1.47451,2.3100,2.5900
21.01.2014 00:04:47.598,1.47652,1.47452,2.5300,1.5300
21.01.2014 00:04:49.053,1.47654,1.47454,1.8000,1.7500
21.01.2014 00:04:50.411,1.47655,1.47455,2.2700,2.1400
21.01.2014 00:04:51.813,1.47652,1.47452,1.0600,2.6000
21.01.2014 00:04:53.229,1.47651,1.47451,2.1100,2.3300
21.01.2014 00:04:54.638,1.47651,1.47451,1.9400,2.2500
21.01.2014 00:04:56.220,1.47650,1.47450,2.6000,2.4900
21.01.2014 00:04:57.669,1.47649,1.47449,2.3700,1.0500
21.01.2014 00:04:59.075,1.47649,1.47449,2.0900,2.3200
21.01.2014 00:05:00.604,1.47651,1.47451,2.2100,1.0700
21.01.2014 00:05:01.954,1.47650,1.47450,2.6500,2.1500
21.01.2014 00:05:03.222,1.47649,1.47449,1.1400,2.9500
21.01.2014 00:05:04.829,1.47649,1.47449,1.8500,2.4600
21.01.2014 00:05:06.276,1.47647,1.47447,1.8500,1.7100
21.01.2014 00:05:07.782,1.47648,1.47448,2.2300,2.2300
21.01.2014 00:05:09.158,1.47647,1.47447,1.2600,1.2500
21.01.2014 00:05:10.522,1.47646,1.47446,2.9900,1.6600
21.01.2014 00:05:11.756,1.47645,1.47445,2.9900,1.4600
21.01.2014 00:05:13.097,1.47646,1.47446,2.7000,2.3500
21.01.2014 00:05:14.479,1.47645,1.47445,2.9700,2.1800
21.01.2014 00:05:16.079,1.47645,1.47445,1.4400,2.3300
21.01.2014 00:05:17.423,1.47645,1.47445,2.0300,2.8000
21.01.2014 00:05:18.999,1.47645,1.47445,1.3200,1.7900
21.01.2014 00:05:20.420,1.47646,1.47446,1.4700,2.1800
21.01.2014 00:05:21.810,1.47646,1.47446,1.2400,1.4000
21.01.2014 00:05:23.381,1.47645,1.47445,1.1400,1.9100
21.01.2014 00:05:24.760,1.47646,1.47446,2.1200,1.2000
21.01.2014 00:05:26.285,1.47647,1.47447,2.0700,1.1100
21.01.2014 00:05:27.532,1.47650,1.47450,1.3000,1.3000
21.01.2014 00:05:28.901,1.47650,1.47450,1.1200,1.9300
21.01.2014 00:05:30.317,1.47649,1.47449,2.9700,1.6000
21.01.2014 00:05:31.720,1.47649,1.47449,2.9900,1.6300
21.01.2014 00:05:33.059,1.47649,1.47449,1.1500,1.9400
21.01.2014 00:05:34.369,1.47648,1.47448,1.7200,2.6200
21.01.2014 00:05:35.674,1.47650,1.47450,2.5600,1.5400
21.01.2014 00:05:37.102,1.47652,1.47452,1.7300,2.5500
21.01.2014 00:05:38.488,1.47652,1.47452,1.4500,1.4900
21.01.2014 00:05:39.930,1.47650,1.47450,2.7800,2.6100
21.01.2014 00:05:41.419,1.47651,1.47451,1.1400,2.3800
21.01.2014 00:05:42.902,1.47652,1.47452,2.3900,2.3700
21.01.2014 00:05:44.133,1.47653,1.47453,2.6800,2.4100
21.01.2014 00:05:45.502,1.47651,1.47451,1.3900,1.9900
21.01.2014 00:05:46.792,1.47652,1.47452,1.6100,1.7600
21.01.2014 00:05:48.211,1.47652,1.47452,1.6000,1.8100
21.01.2014 00:05:49.695,1.47655,1.47455,1.3500,2.7700
21.01.2014 00:05:51.223,1.47654,1.47454,1.2400,2.3600
21.01.2014 00:05:52.625,1.47658,1.47458,1.5700,2.6800
21.01.2014 00:05:54.106,1.47661,1.47461,1.7200,1.2000
21.01.2014 00:05:55.718,1.47663,1.47463,1.1900,2.3400
21.01.2014 00:05:56.990,1.47664,1.47464,2.6800,2.6700
21.01.2014 00:05:58.443,1.47665,1.47465,2.1900,1.5800
21.01.2014 00:05:59.868,1.47665,1.47465,1.4000,1.7200
21.01.2014 00:06:01.097,1.47665,1.47465,1.1000,2.9900
21.01.2014 00:06:02.470,1.47666,1.47466,1.1800,2.4800
21.01.2014 00:06:03.769,1.47664,1.47464,2.1700,2.4900
21.01.2014 00:06:05.242,1.47663,1.47463,2.3600,1.6900
21.01.2014 00:06:06.453,1.47665,1.47465,2.3700,2.8600
21.01.2014 00:06:07.963,1.47667,1.47467,2.6200,2.1100
21.01.2014 00:06:09.474,1.47665,1.47465,2.6600,1.2700
21.01.2014 00:06:10.808,1.47665,1.47465,1.1000,1.2300
21.01.2014 00:06:12.189,1.47665,1.47465,1.0900,2.8200
21.01.2014 00:06:13.601,1.47666,1.47466,2.0500,2.4200
21.01.2014 00:06:14.843,1.47665,1.47465,1.3600,2.8800
21.01.2014 00:06:16.310,1.47665,1.47465,2.7500,2.6700
21.01.2014 00:06:17.640,1.47668,1.47468,2.3500,1.8400
21.01.2014 00:06:19.098,1.47666,1.47466,2.9900,1.7000
21.01.2014 00:06:20.503,1.47663,1.47463,1.3600,1.1500
21.01.2014 00:06:21.943,1.47660,1.47460,2.8000,1.7400
21.01.2014 00:06:23.497,1.47659,1.47459,1.9600,1.3400
21.01.2014 00:06:24.934,1.47659,1.47459,2.2400,1.2800
21.01.2014 00:06:26.029,1.47660,1.47460,2.7500,1.5700
21.01.2014 00:06:27.414,1.47659,1.47459,1.5700,1.1600
21.01.2014 00:06:28.840,1.47657,1.47457,1.3900,1.5700
21.01.2014 00:06:30.438,1.47657,1.47457,2.5500,2.1300
21.01.2014 00:06:31.621,1.47656,1.47456,1.1700,2.6900
21.01.2014 00:06:32.924,1.47657,1.47457,2.6700,1.9600
21.01.2014 00:06:34.169,1.47655,1.47455,1.3300,1.3600
21.01.2014 00:06:35.510,1.47655,1.47455,1.8600,1.9400
21.01.2014 00:06:36.855,1.47656,1.47456,1.6700,1.0700
21.01.2014 00:06:38.203,1.47657,1.47457,1.1100,1.2100
21.01.2014 00:06:39.536,1.47656,1.47456,1.6300,2.8000
21.01.2014 00:06:40.879,1.47655,1.47455,1.6600,1.0600
21.01.2014 00:06:42.467,1.47656,1.47456,1.4000,2.2900
21.01.2014 00:06:43.958,1.47657,1.47457,2.7600,1.9500
21.01.2014 00:06:45.318,1.47657,1.47457,2.4300,1.8600
21.01.2014 00:06:46.693,1.47658,1.47458,2.4300,1.6100
21.01.2014 00:06:48.006,1.47658,1.47458,2.7300,2.3200
21.01.2014 00:06:49.501,1.47659,1.47459,1.7100,1.9600
21.01.2014 00:06:50.905,1.47662,1.47462,2.0800,2.6100
21.01.2014 00:06:52.340,1.47664,1.47464,2.9300,2.7100
21.01.2014 00:06:53.822,1.47665,1.47465,1.4700,2.0400
21.01.2014 00:06:55.406,1.47665,1.47465,2.4300,1.0300
21.01.2014 00:06:56.713,1.47665,1.47465,2.7600,1.5100
21.01.2014 00:06:58.057,1.47666,1.47466,1.3300,1.1200
21.01.2014 00:06:59.395,1.47666,1.47466,2.0100,2.5700
21.01.2014 00:07:00.942,1.47665,1.47465,1.7800,2.9700
21.01.2014 00:07:02.336,1.47665,1.47465,2.8700,2.0900
21.01.2014 00:07:03.814,1.47658,1.47458,1.5500,2.7200
21.01.2014 00:07:05.191,1.47656,1.47456,2.9000,2.1500
21.01.2014 00:07:06.464,1.47656,1.47456,1.4300,1.9500
21.01.2014 00:07:07.809,1.47655,1.47455,2.9000,2.8500
21.01.2014 00:07:09.177,1.47658,1.47458,2.6500,1.9400
21.01.2014 00:07:10.629,1.47657,1.47457,1.1500,2.1500
21.01.2014 00:07:11.912,1.47657,1.47457,2.9600,2.4800
21.01.2014 00:07:13.247,1.47657,1.47457,1.3200,2.2100
21.01.2014 00:07:14.391,1.47655,1.47455,2.7100,2.4900
21.01.2014 00:07:15.861,1.47656,1.47456,2.7700,1.8000
21.01.2014 00:07:17.169,1.47657,1.47457,2.1000,2.8700
21.01.2014 00:07:18.697,1.47655,1.47455,1.9600,1.7900
21.01.2014 00:07:20.058,1.47653,1.47453,2.9000,2.0700
21.01.2014 00:07:21.327,1.47652,1.47452,2.6400,1.2100
21.01.2014 00:07:22.831,1.47650,1.47450,1.9300,2.0400
21.01.2014 00:07:24.280,1.47649,1.47449,2.0400,1.3400
21.01.2014 00:07:25.705,1.47651,1.47451,2.9100,2.9000
21.01.2014 00:07:27.079,1.47652,1.47452,1.1700,1.9600
21.01.2014 00:07:28.426,1.47650,1.47450,1.8500,1.2600
21.01.2014 00:07:29.823,1.47650,1.47450,2.5900,2.7300
21.01.2014 00:07:31.271,1.47651,1.47451,1.7800,2.3900
21.01.2014 00:07:32.680,1.47649,1.47449,1.6600,1.4000
21.01.2014 00:07:34.028,1.47653,1.47453,2.4000,1.1400
21.01.2014 00:07:35.552,1.47655,1.47455,2.2200,2.8500
21.01.2014 00:07:36.781,1.47655,1.47455,1.7100,1.7000
21.01.2014 00:07:38.230,1.47656,1.47456,2.7700,2.8500
21.01.2014 00:07:39.698,1.47657,1.47457,1.4100,2.3100
21.01.2014 00:07:40.999,1.47658,1.47458,1.5700,1.3400
21.01.2014 00:07:42.445,1.47660,1.47460,2.7800,2.9400
21.01.2014 00:07:43.784,1.47658,1.47458,2.9500,2.6700
21.01.2014 00:07:45.255,1.47656,1.47456,1.3700,1.6700
21.01.2014 00:07:46.524,1.47657,1.47457,1.8600,1.7900
21.01.2014 00:07:47.933,1.47655,1.47455,2.2500,2.2100
21.01.2014 00:07:49.397,1.47655,1.47455,1.1100,2.1100
21.01.2014 00:07:50.984,1.47656,1.47456,1.7600,2.6300
21.01.2014 00:07:52.404,1.47659,1.47459,1.3400,2.0700
21.01.2014 00:07:53.917,1.47661,1.47461,2.2100,1.8000
21.01.2014 00:07:55.355,1.47660,1.47460,2.5900,2.6800
21.01.2014 00:07:56.765,1.47658,1.47458,1.8700,1.5700
21.01.2014 00:07:58.300,1.47657,1.47457,2.1700,1.8100
21.01.2014 00:07:59.831,1.47658,1.47458,1.0500,2.8700
21.01.2014 00:08:01.302,1.47659,1.47459,1.5100,1.3300
21.01.2014 00:08:02.803,1.47661,1.47461,1.8200,2.5900
21.01.2014 00:08:04.361,1.47662,1.47462,2.5300,1.4400
21.01.2014 00:08:05.701,1.47662,1.47462,1.2300,2.7500
21.01.2014 00:08:06.876,1.47662,1.47462,2.2300,1.2700
21.01.2014 00:08:08.365,1.47663,1.47463,2.9000,1.6200
21.01.2014 00:08:09.961,1.47659,1.47459,1.7300,2.0400
21.01.2014 00:08:11.427,1.47659,1.47459,1.8300,1.9400
21.01.2014 00:08:12.846,1.47661,1.47461,1.5200,2.1700
21.01.2014 00:08:14.348,1.47663,1.47463,2.5800,2.8300
21.01.2014 00:08:15.801,1.47665,1.47465,1.7600,1.2500
21.01.2014 00:08:17.158,1.47665,1.47465,1.4200,2.0700
21.01.2014 00:08:18.672,1.47667,1.47467,1.0800,1.6300
21.01.2014 00:08:20.260,1.47669,1.47469,2.8500,1.8200
21.01.2014 00:08:21.686,1.47670,1.47470,1.9200,2.0700
21.01.2014 00:08:23.049,1.47671,1.47471,2.3800,2.7100
21.01.2014 00:08:24.457,1.47670,1.47470,1.5600,1.0300
21.01.2014 00:08:25.944,1.47670,1.47470,1.2800,1.0300
21.01.2014 00:08:27.420,1.47670,1.47470,2.4600,1.1900
21.01.2014 00:08:28.868,1.47671,1.47471,1.8200,1.7900
21.01.2014 00:08:30.049,1.47670,1.47470,2.2600,1.9000
21.01.2014 00:08:31.548,1.47672,1.47472,1.9200,2.4900
21.01.2014 00:08:32.946,1.47673,1.47473,1.4100,1.1000
21.01.2014 00:08:34.450,1.47673,1.47473,2.8900,1.8900
21.01.2014 00:08:35.828,1.47674,1.47474,2.9200,2.6100
21.01.2014 00:08:37.275,1.47677,1.47477,1.3600,2.0500
21.01.2014 00:08:38.860,1.47677,1.47477,2.3700,1.6100
21.01.2014 00:08:39.987,1.47675,1.47475,2.2500,1.7100
21.01.2014 00:08:41.700,1.47678,1.47478,2.8400,2.8300
21.01.2014 00:08:43.124,1.47676,1.47476,2.7200,2.3800
21.01.2014 00:08:44.576,1.47675,1.47475,2.8600,1.8700
21.01.2014 00:08:46.055,1.47674,1.47474,1.9100,1.5100
21.01.2014 00:08:47.464,1.47673,1.47473,1.2100,1.1500
21.01.2014 00:08:48.788,1.47673,1.47473,1.9800,2.3700
21.01.2014 00:08:50.213,1.47672,1.47472,1.6300,2.0600
21.01.2014 00:08:51.530,1.47672,1.47472,2.8300,2.3500
21.01.2014 00:08:52.948,1.47670,1.47470,2.1600,2.0200
21.01.2014 00:08:54.358,1.47669,1.47469,2.9300,1.9800
21.01.2014 00:08:55.722,1.47669,1.47469,1.9000,1.7600
21.01.2014 00:08:56.800,1.47667,1.47467,2.6700,1.9600
21.01.2014 00:08:58.387,1.47668,1.47468,1.6000,1.8000
21.01.2014 00:08:59.786,1.47666,1.47466,2.3500,2.8300
21.01.2014 00:09:01.306,1.47668,1.47468,1.7000,1.7600
21.01.2014 00:09:02.598,1.47669,1.47469,2.6000,2.8700
21.01.2014 00:09:04.022,1.47669,1.47469,2.0500,2.6300
21.01.2014 00:09:05.479,1.47670,1.47470,2.7200,2.4600
21.01.2014 00:09:06.754,1.47670,1.47470,1.5500,1.6300
21.01.2014 00:09:08.066,1.47668,1.47468,1.5800,1.6400
21.01.2014 00:09:09.345,1.47666,1.47466,1.3200,1.4100
21.01.2014 00:09:10.882,1.47669,1.47469,1.6000,1.5000
21.01.2014 00:09:12.246,1.47669,1.47469,2.1800,1.0700
21.01.2014 00:09:13.723,1.47668,1.47468,1.8400,1.5500
21.01.2014 00:09:15.148,1.47668,1.47468,1.5600,1.3500
21.01.2014 00:09:16.643,1.47668,1.47468,1.3500,2.3900
21.01.2014 00:09:18.130,1.47668,1.47468,2.4100,1.4000
21.01.2014 00:09:19.547,1.47667,1.47467,1.8600,1.9700
21.01.2014 00:09:20.960,1.47665,1.47465,1.5200,2.1600
21.01.2014 00:09:22.507,1.47665,1.47465,1.5100,2.6000
21.01.2014 00:09:23.942,1.47667,1.47467,1.7900,1.8400
21.01.2014 00:09:25.437,1.47672,1.47472,1.4200,2.7000
21.01.2014 00:09:26.742,1.47669,1.47469,1.8300,1.3000
21.01.2014 00:09:28.112,1.47670,1.47470,1.6800,2.4400
21.01.2014 00:09:29.430,1.47672,1.47472,1.3700,2.6100
21.01.2014 00:09:30.758,1.47671,1.47471,2.7100,1.3900
21.01.2014 00:09:32.173,1.47672,1.47472,2.6100,2.9600
21.01.2014 00:09:33.622,1.47673,1.47473,2.7700,2.8500
21.01.2014 00:09:34.920,1.47674,1.47474,1.5500,1.6400
21.01.2014 00:09:36.371,1.47674,1.47474,1.7700,2.7800
21.01.2014 00:09:37.758,1.47674,1.47474,2.5800,1.7900
21.01.2014 00:09:39.220,1.47673,1.47473,2.8000,2.3100
21.01.2014 00:09:40.646,1.47672,1.47472,2.0200,2.4000
21.01.2014 00:09:41.846,1.47673,1.47473,1.5300,2.0600
21.01.2014 00:09:43.109,1.47675,1.47475,2.7300,2.3400
21.01.2014 00:09:44.533,1.47670,1.47470,1.8500,1.3000
21.01.2014 00:09:45.956,1.47671,1.47471,2.9000,2.3000
21.01.2014 00:09:47.402,1.47671,1.47471,1.7300,2.2900
21.01.2014 00:09:48.890,1.47670,1.47470,1.0000,2.4000
21.01.2014 00:09:50.185,1.47670,1.47470,2.8700,1.1700
21.01.2014 00:09:51.608,1.47669,1.47469,2.4600,1.4300
21.01.2014 00:09:52.967,1.47670,1.47470,2.7700,2.5800
21.01.2014 00:09:54.470,1.47671,1.47471,2.0600,2.3400
21.01.2014 00:09:55.986,1.47670,1.47470,1.7100,1.6200
21.01.2014 00:09:57.342,1.47666,1.47466,1.6000,1.6500
21.01.2014 00:09:58.911,1.47668,1.47468,1.6800,2.4500
21.01.2014 00:10:00.237,1.47668,1.47468,1.2600,1.5500
21.01.2014 00:10:01.580,1.47666,1.47466,2.5800,2.9600
21.01.2014 00:10:02.803,1.47668,1.47468,2.4800,1.3900
21.01.2014 00:10:04.190,1.47670,1.47470,2.5600,2.5200
21.01.2014 00:10:05.376,1.47670,1.47470,1.5200,2.6000
21.01.2014 00:10:06.776,1.47669,1.47469,2.3400,1.3700
21.01.2014 00:10:08.216,1.47670,1.47470,1.2300,1.4500
21.01.2014 00:10:09.667,1.47669,1.47469,1.8300,1.7900
21.01.2014 00:10:10.973,1.47669,1.47469,1.4600,1.9200
21.01.2014 00:10:12.340,1.47666,1.47466,2.8900,2.2800
21.01.2014 00:10:13.779,1.47665,1.47465,1.2100,1.4300
21.01.2014 00:10:15.296,1.47665,1.47465,2.4800,2.6700
21.01.2014 00:10:16.661,1.47666,1.47466,2.0000,3.0000
21.01.2014 00:10:17.987,1.47667,1.47467,1.1200,2.6900
21.01.2014 00:10:19.270,1.47666,1.47466,2.3100,2.7700
21.01.2014 00:10:20.570,1.47669,1.47469,1.8000,2.4200
21.01.2014 00:10:22.119,1.47670,1.47470,2.5200,2.6400
21.01.2014 00:10:23.572,1.47669,1.47469,2.7300,2.4300
21.01.2014 00:10:25.174,1.47669,1.47469,2.8800,1.9100
21.01.2014 00:10:26.406,1.47667,1.47467,2.3500,2.7200
21.01.2014 00:10:27.893,1.47666,1.47466,2.4700,2.4000
21.01.2014 00:10:29.208,1.47666,1.47466,1.8200,1.8100
21.01.2014 00:10:30.579,1.47666,1.47466,1.7000,2.5000
21.01.2014 00:10:32.059,1.47668,1.47468,1.5700,1.5800
21.01.2014 00:10:33.473,1.47668,1.47468,2.5500,2.9900
21.01.2014 00:10:34.796,1.47669,1.47469,1.6900,1.2100
21.01.2014 00:10:36.164,1.47670,1.47470,1.7700,2.4000
21.01.2014 00:10:37.692,1.47668,1.47468,2.7700,1.5800
21.01.2014 00:10:39.014,1.47669,1.47469,2.2200,2.4800
21.01.2014 00:10:40.311,1.47669,1.47469,1.3400,2.4900
21.01.2014 00:10:41.770,1.47668,1.47468,2.6000,1.7600
21.01.2014 00:10:43.007,1.47669,1.47469,2.9500,2.2400
21.01.2014 00:10:44.492,1.47670,1.47470,2.1600,1.9900
21.01.2014 00:10:46.026,1.47668,1.47468,1.9700,2.7000
21.01.2014 00:10:47.532,1.47671,1.47471,2.5200,2.7900
21.01.2014 00:10:48.836,1.47672,1.47472,2.9300,2.3900
21.01.2014 00:10:50.266,1.47674,1.47474,2.7400,2.2700
21.01.2014 00:10:51.478,1.47675,1.47475,1.4600,1.8600
21.01.2014 00:10:52.857,1.47677,1.47477,1.4400,2.2000
21.01.2014 00:10:54.339,1.47673,1.47473,2.6900,1.0400
21.01.2014 00:10:55.683,1.47672,1.47472,1.9600,1.1300
21.01.2014 00:10:57.129,1.47673,1.47473,1.0500,2.3000
21.01.2014 00:10:58.351,1.47676,1.47476,1.9100,1.8400
21.01.2014 00:10:59.828,1.47677,1.47477,1.0500,1.1200
21.01.2014 00:11:01.066,1.47676,1.47476,1.7300,1.3000
21.01.2014 00:11:02.571,1.47673,1.47473,2.8600,1.2700
21.01.2014 00:11:04.052,1.47676,1.47476,2.6700,2.9800
21.01.2014 00:11:05.609,1.47676,1.47476,1.6500,1.5800
21.01.2014 00:11:07.050,1.47677,1.47477,1.3600,1.6000
21.01.2014 00:11:08.468,1.47677,1.47477,2.5400,2.4900
21.01.2014 00:11:09.954,1.47678,1.47478,1.4000,2.8400
21.01.2014 00:11:11.320,1.47675,1.47475,1.9200,2.8500
21.01.2014 00:11:12.818,1.47677,1.47477,2.4000,1.8300
21.01.2014 00:11:14.100,1.47679,1.47479,1.3600,2.4000
21.01.2014 00:11:15.387,1.47679,1.47479,2.7900,2.3200
21.01.2014 00:11:16.638,1.47678,1.47478,1.5700,1.0700
21.01.2014 00:11:18.140,1.47680,1.47480,1.3600,1.1400
21.01.2014 00:11:19.509,1.47680,1.47480,2.6500,2.8000
21.01.2014 00:11:20.874,1.47679,1.47479,2.1500,2.7300
21.01.2014 00:11:22.291,1.47680,1.47480,2.2000,1.7700
21.01.2014 00:11:23.670,1.47682,1.47482,1.6900,1.5600
21.01.2014 00:11:24.946,1.47683,1.47483,2.5000,2.7000
21.01.2014 00:11:26.528,1.47685,1.47485,2.4900,1.9300
21.01.2014 00:11:28.078,1.47685,1.47485,1.3900,2.2900
21.01.2014 00:11:29.513,1.47683,1.47483,2.3300,2.6400
21.01.2014 00:11:30.918,1.47682,1.47482,2.0900,2.2700
21.01.2014 00:11:32.459,1.47683,1.47483,1.7300,1.1800
21.01.2014 00:11:34.075,1.47685,1.47485,1.8400,2.5600
21.01.2014 00:11:35.427,1.47683,1.47483,2.3800,1.6900
21.01.2014 00:11:36.666,1.47679,1.47479,2.7600,2.3300
21.01.2014 00:11:38.132,1.47681,1.47481,1.5000,2.2500
21.01.2014 00:11:39.478,1.47681,1.47481,2.2600,2.7300
21.01.2014 00:11:40.910,1.47681,1.47481,1.2300,1.6600
21.01.2014 00:11:42.268,1.47682,1.47482,2.6600,1.1800
21.01.2014 00:11:43.660,1.47683,1.47483,2.8000,1.5200
21.01.2014 00:11:44.847,1.47684,1.47484,1.9000,1.9500
21.01.2014 00:11:46.204,1.47683,1.47483,1.0500,1.3600
21.01.2014 00:11:47.617,1.47682,1.47482,1.2800,2.1800
21.01.2014 00:11:48.920,1.47683,1.47483,2.4000,2.4900
21.01.2014 00:11:50.276,1.47682,1.47482,1.8100,1.4200
21.01.2014 00:11:51.527,1.47684,1.47484,1.8000,1.9900
21.01.2014 00:11:52.953,1.47683,1.47483,1.1800,1.0700
21.01.2014 00:11:54.313,1.47681,1.47481,1.6800,1.8300
21.01.2014 00:11:55.646,1.47677,1.47477,1.7200,2.6600
21.01.2014 00:11:57.173,1.47673,1.47473,1.8100,1.3200
21.01.2014 00:11:58.628,1.47674,1.47474,2.2900,1.1800
21.01.2014 00:11:59.887,1.47671,1.47471,1.8100,1.2300
21.01.2014 00:12:01.232,1.47671,1.47471,1.6300,2.3500
21.01.2014 00:12:02.709,1.47672,1.47472,1.8200,1.4100
21.01.2014 00:12:04.189,1.47671,1.47471,2.9700,2.1700
21.01.2014 00:12:05.607,1.47671,1.47471,1.2500,2.1800
21.01.2014 00:12:07.090,1.47673,1.47473,2.5000,2.3000
21.01.2014 00:12:08.391,1.47676,1.47476,2.7700,1.7500
21.01.2014 00:12:09.685,1.47674,1.47474,2.4700,2.5800
21.01.2014 00:12:11.047,1.47675,1.47475,2.0800,2.4200
21.01.2014 00:12:12.386,1.47675,1.47475,2.3100,2.9700
21.01.2014 00:12:13.747,1.47676,1.47476,2.6800,1.1000
21.01.2014 00:12:15.012,1.47677,1.47477,2.9200,2.6500
21.01.2014 00:12:16.627,1.47677,1.47477,1.2300,2.2900
21.01.2014 00:12:18.063,1.47675,1.47475,2.3300,2.2900
21.01.2014 00:12:19.447,1.47673,1.47473,1.7400,1.3400
21.01.2014 00:12:20.912,1.47672,1.47472,1.1800,1.7600
21.01.2014 00:12:22.393,1.47670,1.47470,2.0500,1.8700
21.01.2014 00:12:23.892,1.47670,1.47470,2.2200,1.5400
21.01.2014 00:12:25.265,1.47669,1.47469,2.0700,2.4200
21.01.2014 00:12:26.749,1.47669,1.47469,1.1000,1.7900
21.01.2014 00:12:28.199,1.47669,1.47469,1.2100,1.5600
21.01.2014 00:12:29.628,1.47670,1.47470,1.4500,2.2800
21.01.2014 00:12:31.027,1.47667,1.47467,2.9200,1.4500
21.01.2014 00:12:32.487,1.47670,1.47470,1.4700,1.5400
21.01.2014 00:12:33.726,1.47671,1.47471,1.5000,1.9700
21.01.2014 00:12:35.084,1.47670,1.47470,2.2500,1.4600
21.01.2014 00:12:36.679,1.47668,1.47468,2.9200,2.8700
21.01.2014 00:12:38.156,1.47669,1.47469,2.2500,1.6700
21.01.2014 00:12:39.728,1.47674,1.47474,1.6600,2.3200
21.01.2014 00:12:41.124,1.47673,1.47473,1.9300,2.8200
21.01.2014 00:12:42.475,1.47674,1.47474,2.1200,2.6900
21.01.2014 00:12:43.864,1.47675,1.47475,2.4000,1.6700
21.01.2014 00:12:45.090,1.47673,1.47473,1.9200,2.1700
21.01.2014 00:12:46.401,1.47670,1.47470,2.7100,2.0000
21.01.2014 00:12:47.822,1.47670,1.47470,1.2000,2.5200
21.01.2014 00:12:49.244,1.47671,1.47471,1.0000,2.2000
21.01.2014 00:12:50.647,1.47675,1.47475,2.2400,1.1400
21.01.2014 00:12:51.962,1.47675,1.47475,2.6900,2.1700
21.01.2014 00:12:53.392,1.47673,1.47473,2.1800,2.3600
21.01.2014 00:12:54.663,1.47672,1.47472,1.8200,2.8800
21.01.2014 00:12:56.216,1.47669,1.47469,1.4300,2.2400
21.01.2014 00:12:57.474,1.47668,1.47468,2.5700,1.0400
21.01.2014 00:12:58.831,1.47669,1.47469,2.4300,1.1500
21.01.2014 00:13:00.010,1.47669,1.47469,2.2500,2.9700
21.01.2014 00:13:01.184,1.47670,1.47470,1.8600,1.2300
21.01.2014 00:13:02.491,1.47672,1.47472,2.4900,1.1600
21.01.2014 00:13:03.859,1.47672,1.47472,2.9900,2.3600
21.01.2014 00:13:05.209,1.47671,1.47471,1.9600,1.8500
21.01.2014 00:13:06.706,1.47671,1.47471,1.4600,1.8600
21.01.2014 00:13:08.149,1.47669,1.47469,1.3900,2.7000
21.01.2014 00:13:09.577,1.47671,1.47471,2.8600,1.1800
21.01.2014 00:13:10.994,1.47672,1.47472,1.4000,1.6300
21.01.2014 00:13:12.492,1.47670,1.47470,1.6100,2.0700
21.01.2014 00:13:13.941,1.47671,1.47471,2.4300,1.7800
21.01.2014 00:13:15.231,1.47670,1.47470,2.9000,1.5600
21.01.2014 00:13:16.686,1.47670,1.47470,2.9700,1.9600
21.01.2014 00:13:17.966,1.47670,1.47470,1.0300,2.3400
21.01.2014 00:13:19.207,1.47670,1.47470,2.0600,1.6700
21.01.2014 00:13:20.683,1.47671,1.47471,1.0100,1.3700
21.01.2014 00:13:22.106,1.47672,1.47472,2.1600,2.0900
21.01.2014 00:13:23.464,1.47671,1.47471,1.2500,2.2600
21.01.2014 00:13:24.816,1.47672,1.47472,2.0500,2.8800
21.01.2014 00:13:26.270,1.47674,1.47474,1.5800,2.6400
21.01.2014 00:13:27.730,1.47673,1.47473,2.9600,2.7400
21.01.2014 00:13:29.264,1.47672,1.47472,2.5400,2.5700
21.01.2014 00:13:30.592,1.47675,1.47475,1.9800,2.0000
21.01.2014 00:13:31.954,1.47676,1.47476,1.3900,2.0200
21.01.2014 00:13:33.456,1.47677,1.47477,2.5200,2.3100
21.01.2014 00:13:34.866,1.47676,1.47476,1.1300,2.8300
21.01.2014 00:13:36.181,1.47677,1.47477,1.5200,2.3400
21.01.2014 00:13:37.559,1.47677,1.47477,1.8100,1.8000
21.01.2014 00:13:39.071,1.47678,1.47478,1.5100,2.7600
21.01.2014 00:13:40.431,1.47678,1.47478,2.3100,1.6600
21.01.2014 00:13:41.947,1.47676,1.47476,2.4800,2.8700
21.01.2014 00:13:43.348,1.47676,1.47476,2.8300,2.5100
21.01.2014 00:13:44.786,1.47676,1.47476,2.9000,1.9200
21.01.2014 00:13:46.007,1.47677,1.47477,2.3900,2.4700
21.01.2014 00:13:47.345,1.47678,1.47478,2.9900,2.3100
21.01.2014 00:13:48.693,1.47678,1.47478,2.1800,2.1000
21.01.2014 00:13:50.099,1.47678,1.47478,2.1700,1.6800
21.01.2014 00:13:51.604,1.47678,1.47478,2.1800,2.6200
21.01.2014 00:13:52.867,1.47680,1.47480,1.8500,2.4800
21.01.2014 00:13:54.279,1.47680,1.47480,1.8300,2.8400
21.01.2014 00:13:55.787,1.47680,1.47480,1.2900,1.8900
21.01.2014 00:13:56.979,1.47679,1.47479,1.0000,2.2500
21.01.2014 00:13:58.396,1.47680,1.47480,1.6500,2.6200
21.01.2014 00:13:59.694,1.47678,1.47478,2.5800,2.1700
21.01.2014 00:14:00.984,1.47677,1.47477,2.5900,1.1800
21.01.2014 00:14:02.444,1.47680,1.47480,2.6000,2.4900
21.01.2014 00:14:04.034,1.47679,1.47479,2.8100,2.8200
21.01.2014 00:14:05.491,1.47680,1.47480,1.4700,2.7300
21.01.2014 00:14:06.816,1.47682,1.47482,1.5000,2.1700
21.01.2014 00:14:08.322,1.47683,1.47483,2.7000,2.1800
21.01.2014 00:14:09.351,1.47683,1.47483,2.8200,2.0600
21.01.2014 00:14:10.734,1.47684,1.47484,1.8400,2.6200
21.01.2014 00:14:12.067,1.47682,1.47482,1.2900,2.4200
21.01.2014 00:14:13.491,1.47682,1.47482,2.7100,2.1700
21.01.2014 00:14:14.717,1.47686,1.47486,2.6600,2.3700
21.01.2014 00:14:16.162,1.47685,1.47485,2.5100,2.6500
21.01.2014 00:14:17.648,1.47688,1.47488,2.1900,1.8500
21.01.2014 00:14:19.146,1.47688,1.47488,1.8100,2.8800
21.01.2014 00:14:20.574,1.47688,1.47488,1.0500,2.8300
21.01.2014 00:14:21.901,1.47687,1.47487,1.5000,1.2600
21.01.2014 00:14:23.334,1.47689,1.47489,2.9100,1.6200
21.01.2014 00:14:24.600,1.47688,1.47488,2.8200,1.4300
21.01.2014 00:14:26.071,1.47685,1.47485,1.9700,1.0900
21.01.2014 00:14:27.557,1.47686,1.47486,1.7700,2.4400
21.01.2014 00:14:29.086,1.47686,1.47486,2.4200,2.8100
21.01.2014 00:14:30.404,1.47687,1.47487,2.9500,2.3000
21.01.2014 00:14:31.639,1.47688,1.47488,1.0300,1.3000
21.01.2014 00:14:32.884,1.47688,1.47488,2.0100,1.6900
21.01.2014 00:14:34.342,1.47692,1.47492,2.6400,1.2900
21.01.2014 00:14:35.735,1.47693,1.47493,1.0100,1.6300
21.01.2014 00:14:36.972,1.47691,1.47491,1.5700,2.0600
21.01.2014 00:14:38.428,1.47690,1.47490,2.9000,2.2600
21.01.2014 00:14:39.735,1.47690,1.47490,1.5600,2.9000
21.01.2014 00:14:40.889,1.47691,1.47491,2.2200,2.5400
21.01.2014 00:14:42.356,1.47693,1.47493,2.5500,1.1000
21.01.2014 00:14:43.726,1.47691,1.47491,2.8700,2.4400
21.01.2014 00:14:45.100,1.47690,1.47490,1.2600,2.0800
21.01.2014 00:14:46.600,1.47687,1.47487,1.9700,2.6600
21.01.2014 00:14:48.076,1.47686,1.47486,2.9400,1.8600
21.01.2014 00:14:49.531,1.47686,1.47486,2.5800,1.5200
21.01.2014 00:14:50.968,1.47688,1.47488,1.8000,1.5600
21.01.2014 00:14:52.403,1.47690,1.47490,2.9000,1.9600
21.01.2014 00:14:53.730,1.47690,1.47490,2.5600,1.1300
21.01.2014 00:14:55.032,1.47688,1.47488,2.7100,1.1900
21.01.2014 00:14:56.335,1.47687,1.47487,2.2100,2.8000
21.01.2014 00:14:57.707,1.47688,1.47488,1.8800,1.4900
21.01.2014 00:14:59.091,1.47687,1.47487,2.3000,2.3000
21.01.2014 00:15:00.399,1.47688,1.47488,1.0000,2.3000
21.01.2014 00:15:01.827,1.47687,1.47487,2.1500,2.5900
21.01.2014 00:15:03.190,1.47687,1.47487,2.2800,1.3400
21.01.2014 00:15:04.563,1.47686,1.47486,1.5900,1.4900
21.01.2014 00:15:05.955,1.47684,1.47484,2.8900,1.8400
21.01.2014 00:15:07.354,1.47685,1.47485,2.6400,2.5300
21.01.2014 00:15:08.826,1.47687,1.47487,2.1700,2.3600
21.01.2014 00:15:10.153,1.47685,1.47485,1.9800,2.0800
21.01.2014 00:15:11.643,1.47685,1.47485,1.7600,1.0200
21.01.2014 00:15:13.026,1.47685,1.47485,2.3500,2.6800
21.01.2014 00:15:14.291,1.47687,1.47487,2.3600,1.8900
21.01.2014 00:15:15.447,1.47688,1.47488,1.4000,1.2200
21.01.2014 00:15:16.768,1.47690,1.47490,1.2900,2.7200
21.01.2014 00:15:18.139,1.47690,1.47490,1.4700,1.7300
21.01.2014 00:15:19.567,1.47691,1.47491,2.6500,1.9600
21.01.2014 00:15:21.050,1.47692,1.47492,2.5800,2.2600
21.01.2014 00:15:22.525,1.47693,1.47493,2.3200,2.1500
21.01.2014 00:15:23.992,1.47695,1.47495,1.1100,2.5000
21.01.2014 00:15:25.390,1.47696,1.47496,1.2300,2.3500
21.01.2014 00:15:26.834,1.47697,1.47497,1.6900,1.1000
21.01.2014 00:15:28.248,1.47695,1.47495,2.1700,1.6900
21.01.2014 00:15:29.804,1.47694,1.47494,2.1500,1.5900
21.01.2014 00:15:31.068,1.47694,1.47494,2.3400,2.9200
21.01.2014 00:15:32.512,1.47693,1.47493,1.7500,2.0000
21.01.2014 00:15:33.833,1.47694,1.47494,1.8500,2.2000
21.01.2014 00:15:35.134,1.47695,1.47495,1.9600,2.9700
21.01.2014 00:15:36.390,1.47694,1.47494,1.4000,2.4400
21.01.2014 00:15:37.830,1.47690,1.47490,1.8300,1.5400
21.01.2014 00:15:39.443,1.47692,1.47492,1.4200,2.8300
21.01.2014 00:15:40.709,1.47693,1.47493,2.5900,2.6700
21.01.2014 00:15:42.183,1.47691,1.47491,2.9200,1.3900
21.01.2014 00:15:43.671,1.47690,1.47490,2.5000,1.8500
21.01.2014 00:15:44.910,1.47690,1.47490,1.2600,2.5600
21.01.2014 00:15:46.263,1.47688,1.47488,2.0500,2.1900
21.01.2014 00:15:47.539,1.47688,1.47488,1.5800,1.1300
21.01.2014 00:15:48.971,1.47690,1.47490,1.8500,1.9400
21.01.2014 00:15:50.407,1.47691,1.47491,1.7800,1.8400
21.01.2014 00:15:51.834,1.47685,1.47485,1.1800,1.5700
21.01.2014 00:15:53.226,1.47687,1.47487,2.4800,1.1700
21.01.2014 00:15:54.685,1.47688,1.47488,1.8700,2.0800
21.01.2014 00:15:56.137,1.47688,1.47488,1.2400,1.6200
21.01.2014 00:15:57.530,1.47687,1.47487,2.6400,2.1300
21.01.2014 00:15:58.922,1.47690,1.47490,1.9000,1.2700
21.01.2014 00:16:00.465,1.47689,1.47489,2.7600,1.8200
21.01.2014 00:16:02.001,1.47688,1.47488,2.7900,2.3800
21.01.2014 00:16:03.297,1.47689,1.47489,2.6000,2.4300
21.01.2014 00:16:04.801,1.47687,1.47487,2.1700,2.9000
21.01.2014 00:16:06.186,1.47686,1.47486,1.7000,1.2000
21.01.2014 00:16:07.514,1.47686,1.47486,2.2400,2.1700
21.01.2014 00:16:08.721,1.47683,1.47483,2.0700,1.2100
21.01.2014 00:16:10.264,1.47683,1.47483,2.9500,2.2000
21.01.2014 00:16:11.690,1.47679,1.47479,2.5700,1.4200
21.01.2014 00:16:13.094,1.47681,1.47481,1.6300,2.9600
21.01.2014 00:16:14.446,1.47682,1.47482,1.3700,1.1500
21.01.2014 00:16:15.768,1.47685,1.47485,2.6900,1.3200
21.01.2014 00:16:17.078,1.47680,1.47480,2.7600,1.2200
21.01.2014 00:16:18.484,1.47681,1.47481,1.1100,1.8400
21.01.2014 00:16:19.727,1.47680,1.47480,2.3900,2.0200
21.01.2014 00:16:21.125,1.47679,1.47479,2.7600,2.6800
21.01.2014 00:16:22.611,1.47681,1.47481,2.2300,1.7200
21.01.2014 00:16:23.920,1.47682,1.47482,1.2400,1.1500
21.01.2014 00:16:25.326,1.47680,1.47480,1.5300,1.0600
21.01.2014 00:16:26.937,1.47682,1.47482,2.3400,1.9000
21.01.2014 00:16:28.355,1.47680,1.47480,1.6900,2.8500
21.01.2014 00:16:29.786,1.47682,1.47482,1.4500,1.9900
21.01.2014 00:16:31.043,1.47681,1.47481,2.4200,1.1300
21.01.2014 00:16:32.389,1.47680,1.47480,1.8600,2.4500
21.01.2014 00:16:33.773,1.47679,1.47479,1.6400,2.2100
21.01.2014 00:16:35.071,1.47680,1.47480,1.4300,1.2200
21.01.2014 00:16:36.447,1.47680,1.47480,1.8000,1.7900
21.01.2014 00:16:37.829,1.47679,1.47479,2.1600,1.2200
21.01.2014 00:16:39.271,1.47677,1.47477,1.3300,1.3900
21.01.2014 00:16:40.657,1.47676,1.47476,2.8500,2.2500
21.01.2014 00:16:42.257,1.47675,1.47475,2.5400,2.0700
21.01.2014 00:16:43.642,1.47674,1.47474,1.1600,2.7000
21.01.2014 00:16:45.027,1.47674,1.47474,2.3800,1.2900
21.01.2014 00:16:46.561,1.47673,1.47473,1.7200,2.1000
21.01.2014 00:16:47.879,1.47671,1.47471,2.5500,2.7000
21.01.2014 00:16:49.217,1.47671,1.47471,2.4800,2.6500
21.01.2014 00:16:50.731,1.47673,1.47473,1.9900,1.5100
21.01.2014 00:16:52.134,1.47673,1.47473,2.6600,1.1600
21.01.2014 00:16:53.612,1.47670,1.47470,1.5500,1.2500
21.01.2014 00:16:55.208,1.47672,1.47472,1.8700,1.1900
21.01.2014 00:16:56.801,1.47672,1.47472,1.2500,2.4900
21.01.2014 00:16:58.202,1.47671,1.47471,1.9600,2.2400
21.01.2014 00:16:59.634,1.47670,1.47470,2.5100,2.5900
21.01.2014 00:17:00.978,1.47670,1.47470,1.0300,2.2100
21.01.2014 00:17:02.436,1.47670,1.47470,1.9100,2.2100
21.01.2014 00:17:03.943,1.47672,1.47472,2.7900,1.7700
21.01.2014 00:17:05.441,1.47675,1.47475,2.3700,2.1700
21.01.2014 00:17:06.837,1.47676,1.47476,1.3900,1.9900
21.01.2014 00:17:08.291,1.47675,1.47475,1.1600,2.1300
21.01.2014 00:17:09.688,1.47674,1.47474,1.5300,2.0000
21.01.2014 00:17:11.028,1.47674,1.47474,1.2300,1.7200
21.01.2014 00:17:12.414,1.47676,1.47476,1.6900,1.4300
21.01.2014 00:17:13.906,1.47676,1.47476,1.5400,2.7600
21.01.2014 00:17:15.237,1.47678,1.47478,1.7800,2.6600
21.01.2014 00:17:16.617,1.47678,1.47478,1.5100,1.0900
21.01.2014 00:17:17.974,1.47679,1.47479,1.0900,1.2200
21.01.2014 00:17:19.506,1.47676,1.47476,1.6600,2.6000
21.01.2014 00:17:20.834,1.47674,1.47474,1.8800,1.2000
21.01.2014 00:17:22.222,1.47677,1.47477,1.8100,2.7300
21.01.2014 00:17:23.612,1.47677,1.47477,2.7800,2.1700
21.01.2014 00:17:24.910,1.47676,1.47476,2.3000,1.3900
21.01.2014 00:17:26.339,1.47676,1.47476,1.2700,2.5400
21.01.2014 00:17:27.874,1.47678,1.47478,1.5000,1.9400
21.01.2014 00:17:29.363,1.47675,1.47475,2.4000,1.0800
21.01.2014 00:17:30.854,1.47675,1.47475,2.2400,2.0500
21.01.2014 00:17:32.369,1.47676,1.47476,1.4700,1.0100
21.01.2014 00:17:33.894,1.47677,1.47477,1.2800,1.7800
21.01.2014 00:17:35.321,1.47675,1.47475,2.3700,1.7300
21.01.2014 00:17:36.805,1.47676,1.47476,1.0600,1.0600
21.01.2014 00:17:38.212,1.47679,1.47479,3.0000,2.6600
21.01.2014 00:17:39.589,1.47679,1.47479,2.9500,2.1000
21.01.2014 00:17:41.056,1.47677,1.47477,1.1300,1.9800
21.01.2014 00:17:42.491,1.47678,1.47478,2.2300,2.2000
21.01.2014 00:17:43.917,1.47680,1.47480,2.9800,2.6500
21.01.2014 00:17:45.205,1.47681,1.47481,2.8600,1.4700
21.01.2014 00:17:46.551,1.47680,1.47480,2.8300,1.7400
21.01.2014 00:17:48.001,1.47681,1.47481,2.5100,1.8100
21.01.2014 00:17:49.464,1.47679,1.47479,1.9300,2.1700
21.01.2014 00:17:51.001,1.47680,1.47480,1.7000,2.6700
21.01.2014 00:17:52.402,1.47679,1.47479,1.7900,2.9300
21.01.2014 00:17:53.879,1.47678,1.47478,2.3900,2.3000
21.01.2014 00:17:55.314,1.47682,1.47482,2.5200,2.5500
21.01.2014 00:17:56.725,1.47685,1.47485,1.4700,1.4700
21.01.2014 00:17:58.115,1.47685,1.47485,1.1100,2.2800
21.01.2014 00:17:59.535,1.47688,1.47488,2.3400,1.2000
21.01.2014 00:18:00.951,1.47686,1.47486,1.3400,2.6200
21.01.2014 00:18:02.527,1.47688,1.47488,1.9500,2.3500
21.01.2014 00:18:03.796,1.47687,1.47487,1.0500,2.5400
21.01.2014 00:18:05.172,1.47685,1.47485,1.4800,1.3400
21.01.2014 00:18:06.510,1.47683,1.47483,1.3200,2.1900
21.01.2014 00:18:08.104,1.47680,1.47480,2.8400,2.8700
21.01.2014 00:18:09.525,1.47679,1.47479,1.8100,1.4200
21.01.2014 00:18:10.947,1.47681,1.47481,1.9000,1.9000
21.01.2014 00:18:12.433,1.47683,1.47483,2.4600,1.5700
21.01.2014 00:18:13.858,1.47683,1.47483,2.7000,2.4600
21.01.2014 00:18:15.312,1.47685,1.47485,1.5200,2.6800
21.01.2014 00:18:16.732,1.47685,1.47485,2.6800,1.2400
21.01.2014 00:18:18.198,1.47681,1.47481,1.1500,1.2600
21.01.2014 00:18:19.621,1.47685,1.47485,2.0300,1.7800
21.01.2014 00:18:21.102,1.47684,1.47484,2.1900,2.6600
21.01.2014 00:18:22.744,1.47685,1.47485,1.2500,2.4800
21.01.2014 00:18:24.022,1.47687,1.47487,2.9200,2.2300
21.01.2014 00:18:25.441,1.47687,1.47487,1.8500,1.3500
21.01.2014 00:18:26.947,1.47686,1.47486,1.3800,2.0300
21.01.2014 00:18:28.314,1.47687,1.47487,2.9300,1.8100
21.01.2014 00:18:29.758,1.47686,1.47486,2.8300,2.1000
21.01.2014 00:18:31.153,1.47685,1.47485,2.5900,2.2400
21.01.2014 00:18:32.721,1.47685,1.47485,2.9800,2.0100
21.01.2014 00:18:34.210,1.47683,1.47483,2.7700,1.0800
21.01.2014 00:18:35.603,1.47682,1.47482,2.1300,1.2600
21.01.2014 00:18:36.969,1.47683,1.47483,1.1800,2.4600
21.01.2014 00:18:38.103,1.47684,1.47484,1.1700,1.5100
21.01.2014 00:18:39.666,1.47685,1.47485,2.7500,2.4500
21.01.2014 00:18:41.183,1.47686,1.47486,2.8600,1.2800
21.01.2014 00:18:42.673,1.47686,1.47486,2.3500,1.6600
21.01.2014 00:18:43.965,1.47686,1.47486,1.6900,2.3700
21.01.2014 00:18:45.189,1.47686,1.47486,1.2000,1.0000
21.01.2014 00:18:46.575,1.47686,1.47486,1.4000,2.9200
21.01.2014 00:18:47.936,1.47682,1.47482,1.1800,2.2400
21.01.2014 00:18:49.236,1.47681,1.47481,1.3900,1.1900
21.01.2014 00:18:50.583,1.47681,1.47481,1.4200,1.3800
21.01.2014 00:18:52.073,1.47681,1.47481,1.2500,1.6300
21.01.2014 00:18:53.582,1.47683,1.47483,1.1700,2.7100
21.01.2014 00:18:55.145,1.47685,1.47485,2.6600,2.9600
21.01.2014 00:18:56.624,1.47685,1.47485,1.2100,1.4200
21.01.2014 00:18:58.036,1.47685,1.47485,2.1200,1.8100
21.01.2014 00:18:59.544,1.47684,1.47484,1.2400,1.1500
21.01.2014 00:19:01.150,1.47685,1.47485,2.7000,2.8500
21.01.2014 00:19:02.369,1.47687,1.47487,2.3300,1.2200
21.01.2014 00:19:03.757,1.47687,1.47487,2.8100,2.1100
21.01.2014 00:19:04.964,1.47688,1.47488,2.2100,2.7600
21.01.2014 00:19:06.472,1.47687,1.47487,1.2000,2.8700
21.01.2014 00:19:07.823,1.47688,1.47488,1.3400,2.6900
21.01.2014 00:19:09.343,1.47688,1.47488,1.4400,2.4400
21.01.2014 00:19:10.734,1.47692,1.47492,2.7600,2.9600
21.01.2014 00:19:12.144,1.47691,1.47491,2.3600,2.6900
21.01.2014 00:19:13.562,1.47691,1.47491,1.3000,2.6200
21.01.2014 00:19:15.147,1.47693,1.47493,1.2500,1.1500
21.01.2014 00:19:16.484,1.47692,1.47492,1.0400,1.3400
21.01.2014 00:19:17.939,1.47691,1.47491,1.0200,1.4200
21.01.2014 00:19:19.271,1.47690,1.47490,2.0800,1.1900
21.01.2014 00:19:20.388,1.47691,1.47491,2.0300,1.2600
21.01.2014 00:19:21.730,1.47691,1.47491,2.6700,1.1300
21.01.2014 00:19:23.232,1.47691,1.47491,1.4700,1.2600
21.01.2014 00:19:24.702,1.47691,1.47491,2.8700,2.3200
21.01.2014 00:19:25.989,1.47689,1.47489,2.1700,2.9400
21.01.2014 00:19:27.372,1.47687,1.47487,2.9400,2.9400
21.01.2014 00:19:28.942,1.47683,1.47483,2.2100,1.3300
21.01.2014 00:19:30.302,1.47682,1.47482,1.0400,1.1300
21.01.2014 00:19:31.650,1.47684,1.47484,2.5000,2.0500
21.01.2014 00:19:32.907,1.47681,1.47481,2.4500,2.9500
21.01.2014 00:19:34.316,1.47680,1.47480,2.9500,1.2800
21.01.2014 00:19:35.844,1.47679,1.47479,2.2300,1.9700
21.01.2014 00:19:37.400,1.47680,1.47480,2.3200,1.8400
21.01.2014 00:19:38.668,1.47679,1.47479,2.3700,1.0000
21.01.2014 00:19:40.046,1.47677,1.47477,1.6400,1.9200
21.01.2014 00:19:41.594,1.47678,1.47478,2.1300,1.6000
21.01.2014 00:19:43.023,1.47678,1.47478,2.2200,1.4500
21.01.2014 00:19:44.555,1.47677,1.47477,2.5900,2.9600
21.01.2014 00:19:45.857,1.47677,1.47477,2.5800,1.6100
21.01.2014 00:19:47.315,1.47675,1.47475,2.1100,2.2200
21.01.2014 00:19:48.616,1.47674,1.47474,2.7200,2.9600
21.01.2014 00:19:49.976,1.47672,1.47472,1.7900,2.9900
21.01.2014 00:19:51.275,1.47671,1.47471,2.8200,1.6500
21.01.2014 00:19:52.815,1.47671,1.47471,2.4000,1.8300
21.01.2014 00:19:54.143,1.47670,1.47470,1.4000,2.7500
21.01.2014 00:19:55.536,1.47669,1.47469,1.7200,1.6800
21.01.2014 00:19:56.937,1.47670,1.47470,2.8300,2.3900
21.01.2014 00:19:58.504,1.47672,1.47472,1.3800,2.5700
21.01.2014 00:20:00.159,1.47674,1.47474,1.5700,1.3800
21.01.2014 00:20:01.514,1.47672,1.47472,1.7000,1.3000
21.01.2014 00:20:02.943,1.47676,1.47476,1.9000,1.9900
21.01.2014 00:20:04.439,1.47677,1.47477,1.7100,1.6600
21.01.2014 00:20:05.895,1.47675,1.47475,2.8800,1.4600
21.01.2014 00:20:07.253,1.47671,1.47471,1.4800,1.4700
21.01.2014 00:20:08.752,1.47669,1.47469,1.9900,1.3700
21.01.2014 00:20:10.257,1.47669,1.47469,2.8100,2.0600
21.01.2014 00:20:11.590,1.47671,1.47471,1.9800,2.4700
21.01.2014 00:20:12.909,1.47671,1.47471,2.2900,2.6500
21.01.2014 00:20:14.325,1.47673,1.47473,2.9600,1.3400
21.01.2014 00:20:15.690,1.47673,1.47473,2.7800,1.1000
21.01.2014 00:20:16.925,1.47673,1.47473,1.7900,1.0100
21.01.2014 00:20:18.508,1.47674,1.47474,2.2000,2.8300
21.01.2014 00:20:19.924,1.47675,1.47475,2.9000,2.7100
21.01.2014 00:20:21.280,1.47674,1.47474,2.5600,2.9300
21.01.2014 00:20:22.653,1.47672,1.47472,2.8400,2.4100
21.01.2014 00:20:23.988,1.47670,1.47470,1.1500,1.1500
21.01.2014 00:20:25.414,1.47672,1.47472,2.2000,2.7500
21.01.2014 00:20:26.638,1.47673,1.47473,1.2700,2.8200
21.01.2014 00:20:28.028,1.47674,1.47474,1.4300,1.3400
21.01.2014 00:20:29.483,1.47675,1.47475,1.1200,2.2200
21.01.2014 00:20:30.837,1.47674,1.47474,1.0800,1.0600
21.01.2014 00:20:32.279,1.47675,1.47475,1.3000,1.4500
21.01.2014 00:20:33.520,1.47672,1.47472,1.1400,1.4500
21.01.2014 00:20:35.060,1.47674,1.47474,2.7700,1.8000
21.01.2014 00:20:36.527,1.47673,1.47473,1.1900,1.0700
21.01.2014 00:20:37.980,1.47675,1.47475,2.1700,1.3300
21.01.2014 00:20:39.305,1.47674,1.47474,1.3300,1.3500
21.01.2014 00:20:40.646,1.47673,1.47473,1.9600,2.3300
21.01.2014 00:20:42.147,1.47672,1.47472,1.6900,1.9300
21.01.2014 00:20:43.618,1.47673,1.47473,2.8300,1.3800
21.01.2014 00:20:44.801,1.47674,1.47474,2.7700,2.1000
21.01.2014 00:20:46.156,1.47672,1.47472,2.7200,1.9200
21.01.2014 00:20:47.551,1.47674,1.47474,2.6500,1.0500
21.01.2014 00:20:48.868,1.47673,1.47473,2.0800,1.3500
21.01.2014 00:20:50.207,1.47676,1.47476,1.4800,1.5800
21.01.2014 00:20:51.618,1.47677,1.47477,1.9800,2.2100
21.01.2014 00:20:53.213,1.47676,1.47476,2.6000,2.8400
21.01.2014 00:20:54.737,1.47676,1.47476,1.5500,1.4700
21.01.2014 00:20:56.072,1.47675,1.47475,1.0500,2.9500
21.01.2014 00:20:57.559,1.47677,1.47477,2.4400,2.9600
21.01.2014 00:20:58.981,1.47677,1.47477,2.9600,2.4000
21.01.2014 00:21:00.250,1.47675,1.47475,2.3900,2.0700
21.01.2014 00:21:01.607,1.47675,1.47475,1.8900,1.7200
21.01.2014 00:21:03.048,1.47675,1.47475,1.8400,2.6000
21.01.2014 00:21:04.492,1.47675,1.47475,2.3300,1.2800
21.01.2014 00:21:06.060,1.47672,1.47472,1.4400,1.5100
21.01.2014 00:21:07.390,1.47674,1.47474,2.7500,1.1300
21.01.2014 00:21:08.786,1.47673,1.47473,2.8000,2.9400
21.01.2014 00:21:10.266,1.47674,1.47474,2.7900,1.1400
21.01.2014 00:21:11.556,1.47677,1.47477,1.5800,2.8400
21.01.2014 00:21:13.120,1.47676,1.47476,1.9400,2.9000
21.01.2014 00:21:14.350,1.47675,1.47475,2.0000,1.5200
21.01.2014 00:21:15.728,1.47675,1.47475,2.8800,2.4600
21.01.2014 00:21:17.127,1.47676,1.47476,2.6900,2.1900
21.01.2014 00:21:18.450,1.47675,1.47475,2.7000,1.4200
21.01.2014 00:21:19.885,1.47674,1.47474,2.7000,1.8600
21.01.2014 00:21:21.395,1.47675,1.47475,1.0600,2.5600
21.01.2014 00:21:22.862,1.47676,1.47476,2.3300,2.4900
21.01.2014 00:21:24.143,1.47677,1.47477,1.5200,2.6100
21.01.2014 00:21:25.475,1.47676,1.47476,2.8200,2.8600
21.01.2014 00:21:27.015,1.47672,1.47472,1.6400,2.4100
21.01.2014 00:21:28.625,1.47674,1.47474,1.2300,1.0700
21.01.2014 00:21:29.995,1.47673,1.47473,1.3700,2.8700
21.01.2014 00:21:31.421,1.47673,1.47473,1.2500,1.4000
21.01.2014 00:21:32.737,1.47671,1.47471,2.2700,2.0400
21.01.2014 00:21:34.125,1.47672,1.47472,2.1600,2.6300
21.01.2014 00:21:35.416,1.47672,1.47472,1.6300,1.2500
21.01.2014 00:21:36.824,1.47668,1.47468,2.5400,1.2600
21.01.2014 00:21:38.041,1.47668,1.47468,2.5800,2.4200
21.01.2014 00:21:39.366,1.47666,1.47466,1.0200,1.9100
21.01.2014 00:21:40.706,1.47664,1.47464,1.0000,1.4500
21.01.2014 00:21:42.039,1.47666,1.47466,1.9100,1.5500
21.01.2014 00:21:43.513,1.47662,1.47462,1.4900,2.5100
21.01.2014 00:21:44.955,1.47660,1.47460,1.4900,2.2800
21.01.2014 00:21:46.318,1.47659,1.47459,2.8600,1.2100
21.01.2014 00:21:47.870,1.47659,1.47459,1.6900,1.9600
21.01.2014 00:21:49.320,1.47657,1.47457,1.6400,2.3300
21.01.2014 00:21:50.696,1.47657,1.47457,2.5000,1.0200
21.01.2014 00:21:52.055,1.47659,1.47459,2.7800,2.9900
21.01.2014 00:21:53.671,1.47658,1.47458,2.9100,2.2700
21.01.2014 00:21:55.028,1.47660,1.47460,1.4700,2.9600
21.01.2014 00:21:56.503,1.47662,1.47462,1.5200,1.3700
21.01.2014 00:21:58.074,1.47662,1.47462,1.5400,2.8800
21.01.2014 00:21:59.473,1.47662,1.47462,1.7300,1.7400
21.01.2014 00:22:01.021,1.47662,1.47462,2.4100,2.8700
21.01.2014 00:22:02.412,1.47661,1.47461,2.5300,2.3300
21.01.2014 00:22:03.948,1.47659,1.47459,1.8300,1.9200
21.01.2014 00:22:05.181,1.47659,1.47459,2.3300,2.4000
21.01.2014 00:22:06.628,1.47660,1.47460,2.4100,2.7800
21.01.2014 00:22:08.045,1.47658,1.47458,1.4700,1.9600
21.01.2014 00:22:09.518,1.47661,1.47461,2.9800,1.6800
21.01.2014 00:22:11.001,1.47660,1.47460,1.4300,1.8700
21.01.2014 00:22:12.522,1.47660,1.47460,2.6800,2.8100
21.01.2014 00:22:13.882,1.47663,1.47463,2.1100,2.6700
21.01.2014 00:22:15.374,1.47665,1.47465,2.4900,2.7600
21.01.2014 00:22:16.845,1.47664,1.47464,1.7400,1.1600
21.01.2014 00:22:18.330,1.47664,1.47464,1.0600,2.6300
21.01.2014 00:22:19.552,1.47662,1.47462,1.4300,1.4400
21.01.2014 00:22:21.054,1.47663,1.47463,2.8700,1.5400
21.01.2014 00:22:22.411,1.47661,1.47461,1.0300,1.4100
21.01.2014 00:22:23.718,1.47660,1.47460,2.9100,1.7300
21.01.2014 00:22:25.235,1.47659,1.47459,1.7700,1.1500
21.01.2014 00:22:26.627,1.47658,1.47458,2.8000,2.8300
21.01.2014 00:22:28.209,1.47659,1.47459,2.6500,2.4300
21.01.2014 00:22:29.581,1.47660,1.47460,2.1000,2.2000
21.01.2014 00:22:31.074,1.47660,1.47460,1.9900,1.4100
21.01.2014 00:22:32.369,1.47662,1.47462,2.9600,2.9000
21.01.2014 00:22:33.762,1.47661,1.47461,2.1300,2.5900
21.01.2014 00:22:35.088,1.47660,1.47460,1.2200,1.1900
21.01.2014 00:22:36.439,1.47661,1.47461,1.6600,1.2400
21.01.2014 00:22:37.959,1.47664,1.47464,1.9400,2.8200
21.01.2014 00:22:39.228,1.47663,1.47463,2.1100,2.8300
21.01.2014 00:22:40.497,1.47664,1.47464,2.2100,2.7600
21.01.2014 00:22:41.583,1.47662,1.47462,1.8200,1.4400
21.01.2014 00:22:42.903,1.47663,1.47463,2.0400,1.3900
21.01.2014 00:22:44.320,1.47664,1.47464,1.8700,1.0600
21.01.2014 00:22:45.587,1.47664,1.47464,2.8400,2.8000
21.01.2014 00:22:47.031,1.47665,1.47465,1.9000,2.0900
21.01.2014 00:22:48.415,1.47665,1.47465,2.2800,1.3600
21.01.2014 00:22:49.952,1.47663,1.47463,1.4400,1.6200
21.01.2014 00:22:51.391,1.47662,1.47462,1.4400,2.2800
21.01.2014 00:22:52.992,1.47661,1.47461,1.4700,2.2800
21.01.2014 00:22:54.475,1.47661,1.47461,1.6000,2.3600
21.01.2014 00:22:55.777,1.47658,1.47458,2.4800,2.9800
21.01.2014 00:22:57.223,1.47657,1.47457,2.1700,2.7300
21.01.2014 00:22:58.589,1.47658,1.47458,1.6200,2.9500
21.01.2014 00:23:00.120,1.47658,1.47458,1.3600,2.4500
21.01.2014 00:23:01.494,1.47660,1.47460,1.0800,2.2100
21.01.2014 00:23:03.060,1.47661,1.47461,2.9900,2.1700
21.01.2014 00:23:04.377,1.47661,1.47461,2.1300,1.7800
21.01.2014 00:23:05.791,1.47662,1.47462,2.9800,1.9800
21.01.2014 00:23:07.168,1.47664,1.47464,1.9800,2.3900
21.01.2014 00:23:08.625,1.47663,1.47463,2.8500,2.8000
21.01.2014 00:23:10.004,1.47662,1.47462,2.3600,2.6700
21.01.2014 00:23:11.419,1.47664,1.47464,1.3700,2.5100
21.01.2014 00:23:12.727,1.47665,1.47465,2.9400,1.8500
21.01.2014 00:23:14.159,1.47668,1.47468,1.5800,1.4300
21.01.2014 00:23:15.547,1.47668,1.47468,2.9400,1.3400
21.01.2014 00:23:17.007,1.47666,1.47466,2.8000,2.1900
21.01.2014 00:23:18.240,1.47664,1.47464,2.6400,2.7200
21.01.2014 00:23:19.497,1.47666,1.47466,2.6900,2.8300
21.01.2014 00:23:20.792,1.47664,1.47464,1.2700,1.2300
21.01.2014 00:23:22.244,1.47662,1.47462,2.6100,2.8600
21.01.2014 00:23:23.570,1.47663,1.47463,2.3700,2.8100
21.01.2014 00:23:24.922,1.47660,1.47460,1.7000,1.1400
21.01.2014 00:23:26.359,1.47658,1.47458,2.8500,2.1000
21.01.2014 00:23:27.811,1.47660,1.47460,1.5900,2.8200
21.01.2014 00:23:29.332,1.47662,1.47462,1.9300,2.2500
21.01.2014 00:23:30.732,1.47661,1.47461,1.3700,1.2900
21.01.2014 00:23:32.164,1.47659,1.47459,2.3900,1.2000
21.01.2014 00:23:33.408,1.47660,1.47460,2.5300,1.2700
21.01.2014 00:23:34.807,1.47660,1.47460,2.5600,1.2700
21.01.2014 00:23:36.458,1.47661,1.47461,1.0900,1.9600
21.01.2014 00:23:37.873,1.47661,1.47461,1.2300,2.6800
21.01.2014 00:23:39.019,1.47659,1.47459,2.5800,2.0600
21.01.2014 00:23:40.299,1.47662,1.47462,2.1700,1.1900
21.01.2014 00:23:41.683,1.47663,1.47463,2.7800,1.9300
21.01.2014 00:23:43.167,1.47664,1.47464,1.9900,2.7700
21.01.2014 00:23:44.517,1.47663,1.47463,2.1600,1.7400
21.01.2014 00:23:45.865,1.47664,1.47464,2.7000,2.3500
21.01.2014 00:23:47.404,1.47666,1.47466,1.4600,1.9700
21.01.2014 00:23:48.780,1.47668,1.47468,1.5900,2.6700
21.01.2014 00:23:50.089,1.47667,1.47467,2.3000,1.0900
21.01.2014 00:23:51.359,1.47666,1.47466,1.4600,1.3100
21.01.2014 00:23:52.603,1.47668,1.47468,1.8500,2.6400
21.01.2014 00:23:53.755,1.47669,1.47469,2.0400,1.1800
21.01.2014 00:23:55.121,1.47669,1.47469,2.7900,1.2600
21.01.2014 00:23:56.522,1.47665,1.47465,1.3200,2.5500
21.01.2014 00:23:57.769,1.47665,1.47465,1.7800,1.9300
21.01.2014 00:23:59.182,1.47663,1.47463,2.7700,1.3700
21.01.2014 00:24:00.485,1.47662,1.47462,1.4300,1.4700
21.01.2014 00:24:01.912,1.47663,1.47463,1.4700,2.0400
21.01.2014 00:24:03.315,1.47664,1.47464,2.7500,1.7600
21.01.2014 00:24:04.740,1.47665,1.47465,1.6400,2.6300
21.01.2014 00:24:06.169,1.47665,1.47465,1.0400,2.9100
21.01.2014 00:24:07.553,1.47667,1.47467,1.6900,1.7700
21.01.2014 00:24:09.152,1.47668,1.47468,2.8600,2.6200
21.01.2014 00:24:10.552,1.47669,1.47469,2.2500,1.0600
21.01.2014 00:24:11.947,1.47671,1.47471,2.3200,2.1600
21.01.2014 00:24:13.334,1.47672,1.47472,1.2200,2.7400
21.01.2014 00:24:14.887,1.47671,1.47471,2.5900,2.6300
21.01.2014 00:24:16.195,1.47670,1.47470,1.5200,2.0800
21.01.2014 00:24:17.583,1.47669,1.47469,1.9600,2.9500
21.01.2014 00:24:18.971,1.47669,1.47469,2.9000,1.5300
21.01.2014 00:24:20.322,1.47669,1.47469,1.7700,1.0600
21.01.2014 00:24:21.637,1.47669,1.47469,2.0900,1.0300
21.01.2014 00:24:22.978,1.47671,1.47471,1.9000,1.6300
21.01.2014 00:24:24.354,1.47672,1.47472,2.7400,1.9800
21.01.2014 00:24:25.852,1.47670,1.47470,2.3200,2.1300
21.01.2014 00:24:27.207,1.47670,1.47470,1.3800,1.2200
21.01.2014 00:24:28.633,1.47668,1.47468,1.5000,1.7900
21.01.2014 00:24:29.909,1.47669,1.47469,1.1700,2.8000
21.01.2014 00:24:31.413,1.47669,1.47469,2.5600,1.1300
21.01.2014 00:24:32.847,1.47670,1.47470,1.5900,2.9700
21.01.2014 00:24:34.250,1.47667,1.47467,2.4000,2.7200
21.01.2014 00:24:35.819,1.47668,1.47468,2.7400,1.2400
21.01.2014 00:24:37.207,1.47671,1.47471,2.8400,1.3500
21.01.2014 00:24:38.724,1.47666,1.47466,1.4700,2.6300
21.01.2014 00:24:39.986,1.47666,1.47466,1.3900,1.4900
21.01.2014 00:24:41.401,1.47663,1.47463,2.7900,1.0800
21.01.2014 00:24:42.906,1.47663,1.47463,2.2500,1.5700
21.01.2014 00:24:44.256,1.47664,1.47464,1.1700,1.6600
21.01.2014 00:24:45.648,1.47665,1.47465,1.6700,1.2300
21.01.2014 00:24:46.980,1.47668,1.47468,2.7600,2.1200
21.01.2014 00:24:48.311,1.47666,1.47466,1.3200,2.6900
21.01.2014 00:24:49.726,1.47668,1.47468,1.7500,2.7400
21.01.2014 00:24:51.158,1.47666,1.47466,1.8100,2.2100
21.01.2014 00:24:52.698,1.47664,1.47464,1.0600,1.4700
21.01.2014 00:24:54.106,1.47665,1.47465,2.9200,1.6500
21.01.2014 00:24:55.602,1.47667,1.47467,1.9300,2.7600
21.01.2014 00:24:57.055,1.47668,1.47468,2.2900,1.5100
21.01.2014 00:24:58.558,1.47669,1.47469,1.1600,2.7500
21.01.2014 00:24:59.992,1.47670,1.47470,1.3000,1.0300
21.01.2014 00:25:01.290,1.47669,1.47469,2.1700,2.7900
21.01.2014 00:25:02.645,1.47671,1.47471,1.3200,2.6300
21.01.2014 00:25:04.065,1.47673,1.47473,2.0000,2.5400
21.01.2014 00:25:05.411,1.47673,1.47473,1.1200,2.9200
21.01.2014 00:25:06.873,1.47676,1.47476,2.5200,2.0800
21.01.2014 00:25:08.265,1.47678,1.47478,1.7500,1.2700
21.01.2014 00:25:09.632,1.47679,1.47479,2.0600,2.6200
21.01.2014 00:25:10.985,1.47678,1.47478,1.5900,1.0400
21.01.2014 00:25:12.279,1.47678,1.47478,2.8700,1.3100
21.01.2014 00:25:13.767,1.47680,1.47480,1.5000,1.8600
21.01.2014 00:25:15.228,1.47677,1.47477,1.7600,1.2200
21.01.2014 00:25:16.811,1.47678,1.47478,1.1900,1.2500
21.01.2014 00:25:18.213,1.47675,1.47475,2.5200,2.6100
21.01.2014 00:25:19.575,1.47677,1.47477,1.9000,1.2600
21.01.2014 00:25:20.935,1.47676,1.47476,2.4100,1.7300
21.01.2014 00:25:22.358,1.47674,1.47474,1.5700,1.9600
21.01.2014 00:25:23.782,1.47675,1.47475,1.1900,1.9500
21.01.2014 00:25:25.279,1.47676,1.47476,2.3300,1.2600
21.01.2014 00:25:26.755,1.47677,1.47477,2.7500,1.7100
21.01.2014 00:25:27.994,1.47673,1.47473,2.3400,1.1700
21.01.2014 00:25:29.427,1.47675,1.47475,1.3700,2.1600
21.01.2014 00:25:30.883,1.47678,1.47478,2.7900,2.7500
21.01.2014 00:25:32.306,1.47675,1.47475,2.6400,2.4000
21.01.2014 00:25:33.654,1.47676,1.47476,1.3900,2.2300
21.01.2014 00:25:34.843,1.47675,1.47475,1.1900,1.5000
21.01.2014 00:25:36.141,1.47676,1.47476,2.9500,2.1400
21.01.2014 00:25:37.752,1.47675,1.47475,1.8300,1.7300
21.01.2014 00:25:39.112,1.47673,1.47473,2.1200,2.2900
21.01.2014 00:25:40.527,1.47675,1.47475,1.9300,2.6300
21.01.2014 00:25:41.948,1.47677,1.47477,2.5800,2.4000
21.01.2014 00:25:43.153,1.47675,1.47475,1.3600,2.3100
21.01.2014 00:25:44.551,1.47674,1.47474,2.6700,2.6300
21.01.2014 00:25:45.887,1.47674,1.47474,1.9000,2.8300
21.01.2014 00:25:47.363,1.47675,1.47475,1.0200,3.0000
21.01.2014 00:25:48.738,1.47675,1.47475,1.0100,2.2700
21.01.2014 00:25:50.111,1.47679,1.47479,1.2000,1.2300
21.01.2014 00:25:51.417,1.47679,1.47479,1.8800,1.0900
21.01.2014 00:25:52.860,1.47679,1.47479,2.3400,1.9400
21.01.2014 00:25:54.326,1.47680,1.47480,2.5900,2.1000
21.01.2014 00:25:55.772,1.47680,1.47480,1.6400,1.0600
21.01.2014 00:25:57.215,1.47683,1.47483,2.1900,2.2500
21.01.2014 00:25:58.685,1.47683,1.47483,1.6200,2.7100
21.01.2014 00:26:00.326,1.47682,1.47482,1.1300,2.8500
21.01.2014 00:26:01.848,1.47681,1.47481,2.3100,1.9700
21.01.2014 00:26:03.337,1.47681,1.47481,1.4100,1.6500
21.01.2014 00:26:04.785,1.47681,1.47481,1.9600,2.3500
21.01.2014 00:26:06.163,1.47677,1.47477,2.4700,1.3600
21.01.2014 00:26:07.493,1.47681,1.47481,1.5100,2.5700
21.01.2014 00:26:08.820,1.47680,1.47480,2.6600,1.3800
21.01.2014 00:26:10.170,1.47681,1.47481,1.4600,2.4300
21.01.2014 00:26:11.646,1.47682,1.47482,1.7400,1.5500
21.01.2014 00:26:13.009,1.47684,1.47484,1.6200,1.5000
21.01.2014 00:26:14.355,1.47688,1.47488,2.8700,1.9200
21.01.2014 00:26:15.636,1.47690,1.47490,2.5200,1.4200
21.01.2014 00:26:16.981,1.47689,1.47489,2.7700,2.3500
21.01.2014 00:26:18.469,1.47688,1.47488,2.9500,2.1300
21.01.2014 00:26:19.892,1.47688,1.47488,2.9700,2.6800
21.01.2014 00:26:21.345,1.47689,1.47489,2.6700,1.9700
21.01.2014 00:26:22.752,1.47689,1.47489,1.0700,1.0400
21.01.2014 00:26:24.126,1.47690,1.47490,1.6900,2.9200
21.01.2014 00:26:25.425,1.47691,1.47491,2.1300,1.9800
21.01.2014 00:26:26.825,1.47693,1.47493,1.7300,2.5500
21.01.2014 00:26:28.180,1.47693,1.47493,1.0500,1.6900
21.01.2014 00:26:29.636,1.47693,1.47493,2.8800,2.2600
21.01.2014 00:26:31.183,1.47692,1.47492,1.1200,2.1300
21.01.2014 00:26:32.644,1.47689,1.47489,2.1900,1.9800
21.01.2014 00:26:34.116,1.47688,1.47488,1.2300,2.8500
21.01.2014 00:26:35.428,1.47688,1.47488,2.2800,1.5700
21.01.2014 00:26:36.842,1.47688,1.47488,1.2600,2.9300
21.01.2014 00:26:38.253,1.47689,1.47489,1.6200,2.2700
21.01.2014 00:26:39.644,1.47692,1.47492,2.0700,2.8700
21.01.2014 00:26:41.056,1.47694,1.47494,2.3600,1.1100
21.01.2014 00:26:42.499,1.47692,1.47492,2.3300,2.8500
21.01.2014 00:26:43.803,1.47694,1.47494,2.4300,1.7900
21.01.2014 00:26:45.187,1.47696,1.47496,2.5100,2.5000
21.01.2014 00:26:46.611,1.47697,1.47497,1.1400,2.2200
21.01.2014 00:26:47.986,1.47695,1.47495,1.5900,1.2300
21.01.2014 00:26:49.336,1.47694,1.47494,1.4000,1.9200
21.01.2014 00:26:50.877,1.47695,1.47495,1.0900,1.2700
21.01.2014 00:26:52.398,1.47697,1.47497,2.9700,2.6000
21.01.2014 00:26:53.753,1.47696,1.47496,2.0300,2.6300
21.01.2014 00:26:55.047,1.47695,1.47495,2.5700,1.1200
21.01.2014 00:26:56.429,1.47697,1.47497,1.4700,2.1000
21.01.2014 00:26:57.903,1.47691,1.47491,1.4700,1.3400
21.01.2014 00:26:59.440,1.47692,1.47492,1.3200,1.5800
21.01.2014 00:27:00.863,1.47692,1.47492,2.6800,2.1200
21.01.2014 00:27:02.333,1.47691,1.47491,2.8700,1.5000
21.01.2014 00:27:03.692,1.47691,1.47491,2.0500,1.6500
21.01.2014 00:27:04.972,1.47687,1.47487,1.9000,2.8800
21.01.2014 00:27:06.448,1.47687,1.47487,1.0300,1.8800
21.01.2014 00:27:07.769,1.47688,1.47488,2.2200,1.0700
21.01.2014 00:27:09.174,1.47688,1.47488,1.1000,1.3100
21.01.2014 00:27:10.639,1.47687,1.47487,2.9700,1.5200
21.01.2014 00:27:12.010,1.47684,1.47484,1.3600,2.3800
21.01.2014 00:27:13.479,1.47682,1.47482,1.4600,1.1600
21.01.2014 00:27:14.832,1.47684,1.47484,1.6500,2.6000
21.01.2014 00:27:16.189,1.47685,1.47485,1.3500,1.6200
21.01.2014 00:27:17.589,1.47687,1.47487,1.9100,1.9200
21.01.2014 00:27:19.148,1.47687,1.47487,2.4200,1.3100
21.01.2014 00:27:20.613,1.47685,1.47485,1.3800,1.4600
21.01.2014 00:27:22.151,1.47686,1.47486,2.5500,2.0600
21.01.2014 00:27:23.535,1.47684,1.47484,2.3800,1.1200
21.01.2014 00:27:24.969,1.47685,1.47485,2.3700,1.5800
21.01.2014 00:27:26.444,1.47684,1.47484,1.9000,1.1400
21.01.2014 00:27:27.774,1.47681,1.47481,1.1500,2.6400
21.01.2014 00:27:29.131,1.47682,1.47482,2.5800,2.7000
21.01.2014 00:27:30.541,1.47683,1.47483,2.1100,1.0300
21.01.2014 00:27:31.952,1.47681,1.47481,1.8000,1.7400
21.01.2014 00:27:33.589,1.47682,1.47482,1.8400,2.8500
21.01.2014 00:27:34.980,1.47683,1.47483,2.8500,1.4600
21.01.2014 00:27:36.383,1.47682,1.47482,2.6800,1.4000
21.01.2014 00:27:37.812,1.47683,1.47483,2.5700,1.4500
21.01.2014 00:27:39.234,1.47684,1.47484,2.1200,2.4200
21.01.2014 00:27:40.488,1.47687,1.47487,1.9900,2.0100
21.01.2014 00:27:41.970,1.47688,1.47488,1.3400,1.2300
21.01.2014 00:27:43.287,1.47691,1.47491,2.0700,1.9800
21.01.2014 00:27:44.543,1.47693,1.47493,2.3400,1.9300
21.01.2014 00:27:45.816,1.47694,1.47494,2.0700,1.4500
21.01.2014 00:27:47.008,1.47694,1.47494,1.8200,2.4600
21.01.2014 00:27:48.269,1.47694,1.47494,1.7500,1.1600
21.01.2014 00:27:49.810,1.47695,1.47495,2.6600,1.4800
21.01.2014 00:27:51.053,1.47693,1.47493,2.4300,2.1900
21.01.2014 00:27:52.546,1.47696,1.47496,2.4400,1.3600
21.01.2014 00:27:53.930,1.47697,1.47497,1.9400,2.4300
21.01.2014 00:27:55.202,1.47698,1.47498,1.3900,1.6400
21.01.2014 00:27:56.559,1.47696,1.47496,1.4500,2.9400
21.01.2014 00:27:58.067,1.47697,1.47497,1.5200,2.3900
21.01.2014 00:27:59.358,1.47694,1.47494,2.1200,1.1200
21.01.2014 00:28:00.676,1.47693,1.47493,2.7000,1.4500
21.01.2014 00:28:02.101,1.47694,1.47494,1.4400,1.9600
21.01.2014 00:28:03.601,1.47690,1.47490,1.7000,1.4500
21.01.2014 00:28:05.025,1.47690,1.47490,1.7700,2.5100
21.01.2014 00:28:06.414,1.47690,1.47490,1.4400,2.8800
21.01.2014 00:28:07.853,1.47689,1.47489,2.1600,1.9300
21.01.2014 00:28:09.266,1.47689,1.47489,1.0500,2.8000
21.01.2014 00:28:10.704,1.47689,1.47489,2.6900,2.4900
21.01.2014 00:28:12.174,1.47689,1.47489,2.7000,2.1700
21.01.2014 00:28:13.500,1.47689,1.47489,1.4900,1.7100
21.01.2014 00:28:14.856,1.47686,1.47486,2.0700,1.9100
21.01.2014 00:28:16.325,1.47684,1.47484,1.2600,1.8500
21.01.2014 00:28:17.950,1.47684,1.47484,1.7400,1.8400
21.01.2014 00:28:19.218,1.47685,1.47485,1.8900,1.3700
21.01.2014 00:28:20.603,1.47686,1.47486,1.7200,2.7200
21.01.2014 00:28:21.820,1.47686,1.47486,2.6200,2.0800
21.01.2014 00:28:23.372,1.47688,1.47488,1.1700,2.3100
21.01.2014 00:28:24.789,1.47687,1.47487,2.7100,2.0600
21.01.2014 00:28:26.294,1.47685,1.47485,2.7800,2.3900
21.01.2014 00:28:27.597,1.47684,1.47484,1.0400,1.1800
21.01.2014 00:28:29.121,1.47683,1.47483,1.4000,1.2300
21.01.2014 00:28:30.570,1.47683,1.47483,1.4700,2.2500
21.01.2014 00:28:31.982,1.47684,1.47484,2.1000,1.7900
21.01.2014 00:28:33.496,1.47681,1.47481,1.9800,1.5400
21.01.2014 00:28:34.952,1.47683,1.47483,2.1500,2.4100
21.01.2014 00:28:36.277,1.47683,1.47483,2.2900,1.3600
21.01.2014 00:28:37.660,1.47686,1.47486,1.9200,1.2200
21.01.2014 00:28:39.077,1.47686,1.47486,1.7100,2.0800
21.01.2014 00:28:40.404,1.47689,1.47489,1.3300,2.9200
21.01.2014 00:28:41.765,1.47691,1.47491,1.1800,2.8000
21.01.2014 00:28:42.970,1.47691,1.47491,1.0500,2.6300
21.01.2014 00:28:44.350,1.47688,1.47488,1.7700,2.9100
21.01.2014 00:28:45.679,1.47689,1.47489,1.8900,2.2600
21.01.2014 00:28:47.232,1.47688,1.47488,2.0000,2.4000
21.01.2014 00:28:48.887,1.47684,1.47484,2.0800,1.6400
21.01.2014 00:28:50.230,1.47683,1.47483,1.6300,2.0800
21.01.2014 00:28:51.792,1.47683,1.47483,1.2900,2.5100
21.01.2014 00:28:53.157,1.47683,1.47483,2.1600,1.0100
21.01.2014 00:28:54.394,1.47682,1.47482,1.6000,2.3600
21.01.2014 00:28:55.946,1.47682,1.47482,1.5400,1.5600
21.01.2014 00:28:57.479,1.47679,1.47479,1.2000,2.6100
21.01.2014 00:28:58.784,1.47679,1.47479,1.5100,2.5300
21.01.2014 00:29:00.218,1.47679,1.47479,2.7400,1.1400
21.01.2014 00:29:01.728,1.47680,1.47480,2.8800,2.9600
21.01.2014 00:29:03.020,1.47679,1.47479,2.8500,2.3600
21.01.2014 00:29:04.469,1.47679,1.47479,2.7200,2.2300
21.01.2014 00:29:05.958,1.47679,1.47479,1.8400,1.7000
21.01.2014 00:29:07.501,1.47683,1.47483,2.6900,1.5900
21.01.2014 00:29:08.909,1.47680,1.47480,2.7900,1.8100
21.01.2014 00:29:10.308,1.47680,1.47480,2.2100,2.4300
21.01.2014 00:29:11.798,1.47681,1.47481,2.0600,2.1600
21.01.2014 00:29:13.123,1.47682,1.47482,2.9800,2.0800
21.01.2014 00:29:14.359,1.47683,1.47483,2.2100,1.2100
21.01.2014 00:29:15.717,1.47680,1.47480,1.3900,2.8500
21.01.2014 00:29:16.891,1.47683,1.47483,1.9100,2.2600
21.01.2014 00:29:18.513,1.47682,1.47482,1.0200,1.6700
21.01.2014 00:29:19.973,1.47683,1.47483,2.3000,1.8500
21.01.2014 00:29:21.424,1.47683,1.47483,2.3900,2.1900
21.01.2014 00:29:22.622,1.47683,1.47483,2.0400,1.3000
21.01.2014 00:29:23.948,1.47682,1.47482,2.1800,1.0600
21.01.2014 00:29:25.310,1.47681,1.47481,1.7700,2.9100
21.01.2014 00:29:26.686,1.47680,1.47480,2.6200,2.9900
21.01.2014 00:29:28.042,1.47679,1.47479,2.2900,1.6500
21.01.2014 00:29:29.615,1.47676,1.47476,1.6600,2.9100
21.01.2014 00:29:31.091,1.47680,1.47480,2.1000,1.8000
21.01.2014 00:29:32.469,1.47677,1.47477,2.2500,1.1600
21.01.2014 00:29:33.745,1.47677,1.47477,1.2400,1.3100
21.01.2014 00:29:35.132,1.47675,1.47475,1.5400,1.4400
21.01.2014 00:29:36.564,1.47674,1.47474,2.7000,2.9300
21.01.2014 00:29:37.950,1.47675,1.47475,2.3900,2.5500
21.01.2014 00:29:39.419,1.47674,1.47474,1.0000,1.8500
21.01.2014 00:29:40.957,1.47672,1.47472,2.4900,1.4800
21.01.2014 00:29:42.352,1.47674,1.47474,1.6500,2.3900
21.01.2014 00:29:43.742,1.47672,1.47472,1.2000,2.2900
21.01.2014 00:29:45.303,1.47675,1.47475,1.0800,1.5200
21.01.2014 00:29:46.428,1.47675,1.47475,1.7000,1.0100
21.01.2014 00:29:47.934,1.47672,1.47472,2.8600,1.8800
21.01.2014 00:29:49.267,1.47671,1.47471,1.3600,2.1300
21.01.2014 00:29:50.666,1.47671,1.47471,1.7700,1.2700
21.01.2014 00:29:52.078,1.47672,1.47472,2.4200,1.2100
21.01.2014 00:29:53.671,1.47671,1.47471,2.5700,1.6400
21.01.2014 00:29:55.281,1.47672,1.47472,2.7300,2.5500
21.01.2014 00:29:56.726,1.47672,1.47472,2.9900,1.4700
21.01.2014 00:29:57.996,1.47671,1.47471,2.1700,1.2200
21.01.2014 00:29:59.229,1.47671,1.47471,1.9100,1.0400
21.01.2014 00:30:00.617,1.47671,1.47471,2.3500,2.7800
21.01.2014 00:30:01.943,1.47671,1.47471,1.4800,2.9300
21.01.2014 00:30:03.469,1.47671,1.47471,1.6700,2.6900
21.01.2014 00:30:04.745,1.47669,1.47469,2.7000,2.4600
21.01.2014 00:30:06.235,1.47671,1.47471,1.9100,1.9200
21.01.2014 00:30:07.697,1.47670,1.47470,2.0800,2.0600
21.01.2014 00:30:09.153,1.47670,1.47470,2.1800,1.3000
21.01.2014 00:30:10.560,1.47672,1.47472,2.0400,1.2400
21.01.2014 00:30:11.998,1.47670,1.47470,1.1600,2.4000
21.01.2014 00:30:13.399,1.47670,1.47470,2.6700,2.4200
21.01.2014 00:30:14.674,1.47670,1.47470,1.5900,1.9000
21.01.2014 00:30:16.072,1.47669,1.47469,2.9800,2.6900
21.01.2014 00:30:17.467,1.47670,1.47470,2.1000,1.2400
21.01.2014 00:30:18.800,1.47671,1.47471,2.4700,2.2800
21.01.2014 00:30:20.170,1.47671,1.47471,1.5700,2.2600
21.01.2014 00:30:21.625,1.47675,1.47475,2.7000,1.9300
21.01.2014 00:30:23.056,1.47674,1.47474,1.5900,2.4000
21.01.2014 00:30:24.533,1.47674,1.47474,1.8700,1.4100
21.01.2014 00:30:25.863,1.47674,1.47474,2.9700,2.0200
21.01.2014 00:30:27.342,1.47672,1.47472,2.1700,1.7100
21.01.2014 00:30:28.740,1.47670,1.47470,1.9300,2.7400
21.01.2014 00:30:30.172,1.47672,1.47472,1.3000,2.2600
21.01.2014 00:30:31.595,1.47671,1.47471,2.8200,2.9600
21.01.2014 00:30:32.769,1.47672,1.47472,2.0800,2.0800
21.01.2014 00:30:34.187,1.47673,1.47473,1.4300,1.9600
21.01.2014 00:30:35.669,1.47672,1.47472,2.8800,1.6600
21.01.2014 00:30:37.093,1.47671,1.47471,2.8800,2.7000
21.01.2014 00:30:38.407,1.47671,1.47471,2.1400,1.8700
21.01.2014 00:30:39.719,1.47671,1.47471,1.8400,1.7800
21.01.2014 00:30:41.091,1.47670,1.47470,2.7000,2.5700
21.01.2014 00:30:42.592,1.47669,1.47469,2.0100,2.2800
21.01.2014 00:30:44.085,1.47667,1.47467,2.2000,2.3800
21.01.2014 00:30:45.404,1.47668,1.47468,2.2800,2.8700
21.01.2014 00:30:46.787,1.47667,1.47467,1.4200,1.7000
21.01.2014 00:30:48.164,1.47668,1.47468,2.7700,1.1000
21.01.2014 00:30:49.542,1.47670,1.47470,2.3200,2.2100
21.01.2014 00:30:51.017,1.47667,1.47467,1.6200,2.0900
21.01.2014 00:30:52.236,1.47667,1.47467,2.9500,2.8900
21.01.2014 00:30:53.723,1.47667,1.47467,2.3400,2.6000
21.01.2014 00:30:54.998,1.47664,1.47464,2.5500,2.3500
21.01.2014 00:30:56.245,1.47664,1.47464,1.5300,1.1800
21.01.2014 00:30:57.533,1.47667,1.47467,2.8000,1.4600
21.01.2014 00:30:58.844,1.47667,1.47467,1.5300,1.1100
21.01.2014 00:31:00.313,1.47668,1.47468,2.2000,2.2400
21.01.2014 00:31:01.694,1.47668,1.47468,2.0300,1.6900
21.01.2014 00:31:02.861,1.47667,1.47467,2.9500,2.9000
21.01.2014 00:31:04.329,1.47666,1.47466,1.2200,1.2100
21.01.2014 00:31:05.889,1.47668,1.47468,1.5000,2.2900
21.01.2014 00:31:07.432,1.47668,1.47468,2.6800,2.5900
21.01.2014 00:31:08.755,1.47667,1.47467,2.9500,1.1600
21.01.2014 00:31:09.979,1.47669,1.47469,2.2500,1.3400
21.01.2014 00:31:11.374,1.47668,1.47468,2.2600,2.8800
21.01.2014 00:31:12.620,1.47668,1.47468,1.8200,2.9700
21.01.2014 00:31:14.246,1.47669,1.47469,2.0000,1.7700
21.01.2014 00:31:15.711,1.47668,1.47468,1.7400,2.8700
21.01.2014 00:31:17.029,1.47670,1.47470,2.1600,1.4700
21.01.2014 00:31:18.411,1.47670,1.47470,1.5000,1.9600
21.01.2014 00:31:19.749,1.47672,1.47472,1.2500,2.8400
21.01.2014 00:31:21.147,1.47672,1.47472,2.4800,2.8700
21.01.2014 00:31:22.459,1.47672,1.47472,2.4100,2.0600
21.01.2014 00:31:23.703,1.47674,1.47474,2.5100,1.3300
21.01.2014 00:31:24.950,1.47673,1.47473,1.5500,1.5600
21.01.2014 00:31:26.311,1.47672,1.47472,1.6000,1.6400
21.01.2014 00:31:27.610,1.47672,1.47472,2.6600,2.6900
21.01.2014 00:31:29.055,1.47671,1.47471,2.8100,1.0400
21.01.2014 00:31:30.379,1.47668,1.47468,2.7900,2.6700
21.01.2014 00:31:31.837,1.47668,1.47468,1.7500,1.6400
21.01.2014 00:31:33.067,1.47671,1.47471,1.7200,2.6700
21.01.2014 00:31:34.275,1.47670,1.47470,2.3400,2.1800
21.01.2014 00:31:35.804,1.47671,1.47471,2.0300,2.2200
21.01.2014 00:31:37.242,1.47670,1.47470,1.1000,2.4100
21.01.2014 00:31:38.423,1.47671,1.47471,1.6600,1.1200
21.01.2014 00:31:39.793,1.47673,1.47473,2.7300,2.0000
21.01.2014 00:31:41.145,1.47676,1.47476,1.1300,2.7800
21.01.2014 00:31:42.451,1.47677,1.47477,1.6200,1.9400
21.01.2014 00:31:43.741,1.47675,1.47475,1.9700,2.8500
21.01.2014 00:31:45.181,1.47675,1.47475,2.7600,2.2800
21.01.2014 00:31:46.635,1.47675,1.47475,2.4400,2.1300
21.01.2014 00:31:48.046,1.47679,1.47479,1.3600,2.3700
21.01.2014 00:31:49.427,1.47676,1.47476,1.7600,1.3800
21.01.2014 00:31:50.922,1.47673,1.47473,1.8800,1.0900
21.01.2014 00:31:52.504,1.47674,1.47474,2.7700,1.7700
21.01.2014 00:31:53.892,1.47671,1.47471,2.0600,2.3300
21.01.2014 00:31:55.309,1.47671,1.47471,2.4600,2.6200
21.01.2014 00:31:56.677,1.47674,1.47474,1.9400,2.9200
21.01.2014 00:31:58.150,1.47672,1.47472,1.7100,2.0600
21.01.2014 00:31:59.467,1.47674,1.47474,1.0500,2.2200
21.01.2014 00:32:00.790,1.47671,1.47471,1.8000,2.7800
21.01.2014 00:32:02.507,1.47674,1.47474,2.1200,2.9500
21.01.2014 00:32:03.915,1.47671,1.47471,1.5900,1.4600
21.01.2014 00:32:05.189,1.47670,1.47470,2.1100,2.5500
21.01.2014 00:32:06.572,1.47670,1.47470,2.6900,1.3300
21.01.2014 00:32:07.864,1.47672,1.47472,2.2400,2.0100
21.01.2014 00:32:09.402,1.47674,1.47474,2.9000,2.2500
21.01.2014 00:32:10.895,1.47675,1.47475,1.4300,1.6500
21.01.2014 00:32:12.196,1.47675,1.47475,1.1200,2.8400
21.01.2014 00:32:13.611,1.47678,1.47478,1.4500,1.8600
21.01.2014 00:32:14.995,1.47676,1.47476,2.8800,1.1700
21.01.2014 00:32:16.386,1.47674,1.47474,2.5800,1.5100
21.01.2014 00:32:17.618,1.47671,1.47471,1.7700,1.5000
21.01.2014 00:32:19.086,1.47671,1.47471,2.3500,2.1700
21.01.2014 00:32:20.426,1.47668,1.47468,1.2200,1.9100
21.01.2014 00:32:21.799,1.47664,1.47464,1.0500,2.7500
21.01.2014 00:32:23.106,1.47663,1.47463,1.7900,2.0700
21.01.2014 00:32:24.526,1.47659,1.47459,1.7800,1.1500
21.01.2014 00:32:26.104,1.47658,1.47458,2.8600,2.6000
21.01.2014 00:32:27.477,1.47657,1.47457,1.5700,1.8200
21.01.2014 00:32:28.871,1.47655,1.47455,1.6600,2.4700
21.01.2014 00:32:30.230,1.47654,1.47454,1.8300,2.8400
21.01.2014 00:32:31.558,1.47654,1.47454,2.1800,1.8500
21.01.2014 00:32:33.020,1.47653,1.47453,2.2000,2.0900
21.01.2014 00:32:34.380,1.47654,1.47454,1.8500,1.5000
21.01.2014 00:32:35.956,1.47654,1.47454,1.9700,2.4300
21.01.2014 00:32:37.323,1.47651,1.47451,1.4900,2.6000
21.01.2014 00:32:38.613,1.47649,1.47449,1.9000,1.4400
21.01.2014 00:32:39.861,1.47649,1.47449,2.1400,2.2200
21.01.2014 00:32:41.291,1.47650,1.47450,2.0400,2.9900
21.01.2014 00:32:42.794,1.47651,1.47451,1.0400,1.2600
21.01.2014 00:32:44.297,1.47652,1.47452,1.1300,2.5500
21.01.2014 00:32:45.641,1.47652,1.47452,1.5600,1.7200
21.01.2014 00:32:47.088,1.47652,1.47452,1.0500,1.6000
21.01.2014 00:32:48.519,1.47652,1.47452,1.0000,2.9800
21.01.2014 00:32:49.992,1.47650,1.47450,2.7600,1.7500
21.01.2014 00:32:51.426,1.47649,1.47449,2.3300,1.4600
21.01.2014 00:32:52.925,1.47649,1.47449,1.6500,2.2300
21.01.2014 00:32:54.296,1.47650,1.47450,1.7900,2.7600
21.01.2014 00:32:55.702,1.47647,1.47447,1.2000,1.6100
21.01.2014 00:32:57.212,1.47648,1.47448,2.2300,2.1000
21.01.2014 00:32:58.583,1.47648,1.47448,1.1200,1.7400
21.01.2014 00:33:00.014,1.47648,1.47448,2.8700,1.2900
21.01.2014 00:33:01.378,1.47650,1.47450,1.4400,2.6000
21.01.2014 00:33:02.720,1.47651,1.47451,1.0500,2.2100
21.01.2014 00:33:04.212,1.47651,1.47451,2.2200,1.2200
21.01.2014 00:33:05.694,1.47652,1.47452,2.8700,1.6100
21.01.2014 00:33:07.317,1.47653,1.47453,1.3700,2.1600
21.01.2014 00:33:08.733,1.47651,1.47451,1.5600,2.2500
21.01.2014 00:33:10.159,1.47650,1.47450,1.0200,2.5400
21.01.2014 00:33:11.423,1.47651,1.47451,2.7500,2.3800
21.01.2014 00:33:13.116,1.47649,1.47449,1.8500,1.8300
21.01.2014 00:33:14.543,1.47649,1.47449,1.2600,1.5200
21.01.2014 00:33:15.955,1.47645,1.47445,2.7600,1.2600
21.01.2014 00:33:17.231,1.47644,1.47444,2.1900,2.8200
21.01.2014 00:33:18.489,1.47643,1.47443,2.0000,2.4300
21.01.2014 00:33:19.977,1.47645,1.47445,1.9400,1.5300
21.01.2014 00:33:21.351,1.47647,1.47447,2.6900,2.8200
21.01.2014 00:33:22.812,1.47644,1.47444,1.8800,1.5700
21.01.2014 00:33:24.076,1.47643,1.47443,1.9000,1.9700
21.01.2014 00:33:25.373,1.47643,1.47443,2.7400,2.7700
21.01.2014 00:33:26.814,1.47642,1.47442,1.5100,1.6800
21.01.2014 00:33:28.342,1.47644,1.47444,1.9300,2.5900
21.01.2014 00:33:29.709,1.47646,1.47446,2.7400,1.1200
21.01.2014 00:33:31.062,1.47648,1.47448,2.6800,2.0900
21.01.2014 00:33:32.430,1.47649,1.47449,2.8100,2.4200
21.01.2014 00:33:33.951,1.47649,1.47449,2.5000,2.4200
21.01.2014 00:33:35.424,1.47648,1.47448,2.4500,2.9100
21.01.2014 00:33:36.768,1.47649,1.47449,1.8100,1.4200
21.01.2014 00:33:38.031,1.47647,1.47447,2.0500,1.4400
21.01.2014 00:33:39.470,1.47648,1.47448,1.6000,1.0200
21.01.2014 00:33:40.882,1.47646,1.47446,1.7800,2.8800
21.01.2014 00:33:42.328,1.47647,1.47447,1.0900,2.1500
21.01.2014 00:33:43.725,1.47647,1.47447,1.4000,2.5200
21.01.2014 00:33:45.224,1.47647,1.47447,2.8800,1.8600
21.01.2014 00:33:46.724,1.47647,1.47447,2.5900,2.5200
21.01.2014 00:33:48.015,1.47648,1.47448,2.6000,2.4900
21.01.2014 00:33:49.338,1.47649,1.47449,1.8800,2.7400
21.01.2014 00:33:50.811,1.47648,1.47448,2.9200,2.2200
21.01.2014 00:33:52.231,1.47647,1.47447,1.4100,2.4200
21.01.2014 00:33:53.615,1.47647,1.47447,2.2000,2.6100
21.01.2014 00:33:55.112,1.47644,1.47444,1.7100,2.7800
21.01.2014 00:33:56.532,1.47641,1.47441,1.4500,2.8200
21.01.2014 00:33:58.074,1.47642,1.47442,2.5800,2.3100
21.01.2014 00:33:59.606,1.47642,1.47442,2.4700,2.4600
21.01.2014 00:34:00.884,1.47641,1.47441,2.1800,2.9100
21.01.2014 00:34:02.291,1.47641,1.47441,1.7100,1.0100
21.01.2014 00:34:03.515,1.47640,1.47440,1.6400,1.5200
21.01.2014 00:34:04.815,1.47639,1.47439,2.1400,2.5900
21.01.2014 00:34:06.159,1.47638,1.47438,1.3400,2.7700
21.01.2014 00:34:07.572,1.47636,1.47436,2.8900,2.5700
21.01.2014 00:34:08.894,1.47634,1.47434,1.4300,2.4800
21.01.2014 00:34:10.118,1.47631,1.47431,2.2800,1.1200
21.01.2014 00:34:11.752,1.47630,1.47430,2.7900,1.0100
21.01.2014 00:34:13.207,1.47630,1.47430,2.5300,2.9300
21.01.2014 00:34:14.742,1.47632,1.47432,1.6000,2.2400
21.01.2014 00:34:16.070,1.47632,1.47432,2.7000,2.5800
21.01.2014 00:34:17.694,1.47633,1.47433,1.6200,1.1500
21.01.2014 00:34:19.183,1.47636,1.47436,2.5900,2.6700
21.01.2014 00:34:20.619,1.47636,1.47436,2.1500,1.8000
21.01.2014 00:34:22.018,1.47637,1.47437,2.1800,2.0500
21.01.2014 00:34:23.348,1.47637,1.47437,2.3600,1.3600
21.01.2014 00:34:24.745,1.47639,1.47439,1.1500,1.1700
21.01.2014 00:34:26.100,1.47637,1.47437,1.6300,1.4500
21.01.2014 00:34:27.488,1.47635,1.47435,2.2700,1.8400
21.01.2014 00:34:28.936,1.47634,1.47434,2.6500,1.4200
21.01.2014 00:34:30.254,1.47633,1.47433,2.7200,2.3600
21.01.2014 00:34:31.706,1.47631,1.47431,1.2500,2.7900
21.01.2014 00:34:33.064,1.47631,1.47431,1.3600,2.2100
21.01.2014 00:34:34.424,1.47629,1.47429,2.7900,2.5900
21.01.2014 00:34:35.932,1.47626,1.47426,1.5700,1.5800
21.01.2014 00:34:37.373,1.47625,1.47425,2.7100,2.8400
21.01.2014 00:34:38.504,1.47625,1.47425,1.9200,2.5200
21.01.2014 00:34:39.875,1.47625,1.47425,2.6300,2.0200
21.01.2014 00:34:41.272,1.47625,1.47425,2.3400,2.5100
21.01.2014 00:34:42.743,1.47627,1.47427,2.1700,1.9900
21.01.2014 00:34:44.137,1.47630,1.47430,1.3500,2.1000
21.01.2014 00:34:45.589,1.47630,1.47430,1.5500,2.4900
21.01.2014 00:34:47.085,1.47631,1.47431,2.4100,2.2000
21.01.2014 00:34:48.340,1.47629,1.47429,2.7500,1.2100
21.01.2014 00:34:49.466,1.47627,1.47427,2.6700,1.9300
21.01.2014 00:34:50.824,1.47627,1.47427,2.3200,1.7900
21.01.2014 00:34:52.275,1.47626,1.47426,2.5900,1.3200
21.01.2014 00:34:53.896,1.47621,1.47421,1.5900,2.9100
21.01.2014 00:34:55.395,1.47620,1.47420,1.0200,1.9500
21.01.2014 00:34:56.696,1.47619,1.47419,1.3400,2.8700
21.01.2014 00:34:58.214,1.47618,1.47418,2.1800,1.1800
21.01.2014 00:34:59.757,1.47617,1.47417,1.1800,2.0400
21.01.2014 00:35:01.244,1.47618,1.47418,2.1100,2.2000
21.01.2014 00:35:02.509,1.47618,1.47418,2.9400,2.1200
21.01.2014 00:35:03.834,1.47618,1.47418,1.4000,2.3100
21.01.2014 00:35:05.088,1.47619,1.47419,1.6500,1.2700
21.01.2014 00:35:06.631,1.47617,1.47417,2.1500,2.9100
21.01.2014 00:35:08.075,1.47613,1.47413,2.0000,1.1100
21.01.2014 00:35:09.423,1.47613,1.47413,2.7700,2.9400
21.01.2014 00:35:10.887,1.47612,1.47412,2.5500,1.3400
21.01.2014 00:35:12.376,1.47610,1.47410,2.0700,2.1300
21.01.2014 00:35:13.805,1.47609,1.47409,2.5900,1.6500
21.01.2014 00:35:15.398,1.47610,1.47410,2.6300,2.5700
21.01.2014 00:35:16.769,1.47610,1.47410,1.6700,2.4500
21.01.2014 00:35:18.161,1.47610,1.47410,1.6100,1.0100
21.01.2014 00:35:19.550,1.47610,1.47410,2.7300,2.6400
21.01.2014 00:35:21.032,1.47611,1.47411,1.7300,1.7000
21.01.2014 00:35:22.508,1.47616,1.47416,2.3400,1.3100
21.01.2014 00:35:23.919,1.47614,1.47414,2.1100,2.1000
21.01.2014 00:35:25.195,1.47611,1.47411,1.4100,1.3500
21.01.2014 00:35:26.485,1.47611,1.47411,2.0300,1.8000
21.01.2014 00:35:27.922,1.47610,1.47410,2.6300,2.7500
21.01.2014 00:35:29.361,1.47610,1.47410,1.5400,1.4000
21.01.2014 00:35:30.692,1.47611,1.47411,2.8600,2.8500
21.01.2014 00:35:32.057,1.47610,1.47410,2.1200,1.9400
21.01.2014 00:35:33.387,1.47610,1.47410,2.7200,2.7900
21.01.2014 00:35:34.841,1.47609,1.47409,1.4900,2.5800
21.01.2014 00:35:36.232,1.47608,1.47408,1.5100,2.5000
21.01.2014 00:35:37.793,1.47606,1.47406,1.9900,2.8100
21.01.2014 00:35:39.214,1.47607,1.47407,1.4900,1.5600
21.01.2014 00:35:40.380,1.47611,1.47411,1.1600,1.4500
21.01.2014 00:35:41.962,1.47611,1.47411,2.3400,2.1100
21.01.2014 00:35:43.312,1.47613,1.47413,1.8700,1.0700
21.01.2014 00:35:44.529,1.47612,1.47412,2.5000,2.7700
21.01.2014 00:35:45.762,1.47611,1.47411,2.4000,1.0700
21.01.2014 00:35:47.139,1.47614,1.47414,1.7700,2.2000
21.01.2014 00:35:48.362,1.47613,1.47413,1.8000,1.1100
21.01.2014 00:35:49.713,1.47612,1.47412,1.7000,2.8300
21.01.2014 00:35:51.034,1.47610,1.47410,2.0900,1.1100
21.01.2014 00:35:52.266,1.47606,1.47406,2.5800,1.1900
21.01.2014 00:35:53.761,1.47608,1.47408,2.2000,2.3800
21.01.2014 00:35:55.080,1.47605,1.47405,1.7300,1.4200
21.01.2014 00:35:56.516,1.47606,1.47406,1.8900,2.0900
21.01.2014 00:35:57.832,1.47606,1.47406,1.2900,2.2900
21.01.2014 00:35:59.122,1.47605,1.47405,1.9600,1.4700
21.01.2014 00:36:00.521,1.47608,1.47408,1.8600,2.1600
21.01.2014 00:36:01.967,1.47609,1.47409,2.9200,1.0800
21.01.2014 00:36:03.345,1.47608,1.47408,1.0100,2.5800
21.01.2014 00:36:04.872,1.47610,1.47410,2.6500,2.3900
21.01.2014 00:36:06.324,1.47609,1.47409,1.6000,1.0300
21.01.2014 00:36:07.564,1.47611,1.47411,1.7300,2.3700
21.01.2014 00:36:08.972,1.47615,1.47415,1.3700,1.3100
21.01.2014 00:36:10.399,1.47617,1.47417,2.8400,1.8400
21.01.2014 00:36:11.848,1.47620,1.47420,2.5500,2.6200
21.01.2014 00:36:13.175,1.47622,1.47422,1.8800,1.5700
21.01.2014 00:36:14.725,1.47623,1.47423,2.9400,1.0400
21.01.2014 00:36:16.173,1.47622,1.47422,2.7400,2.4600
21.01.2014 00:36:17.586,1.47620,1.47420,2.7500,2.4300
21.01.2014 00:36:18.900,1.47621,1.47421,2.6700,2.3300
21.01.2014 00:36:20.352,1.47619,1.47419,2.8300,2.0300
21.01.2014 00:36:21.771,1.47619,1.47419,1.4500,2.2500
21.01.2014 00:36:23.297,1.47618,1.47418,1.7400,1.7700
21.01.2014 00:36:24.891,1.47621,1.47421,1.5700,2.4900
21.01.2014 00:36:26.268,1.47619,1.47419,2.1500,1.1300
21.01.2014 00:36:27.576,1.47617,1.47417,1.5100,1.3500
21.01.2014 00:36:28.825,1.47616,1.47416,2.0200,2.0400
21.01.2014 00:36:30.157,1.47616,1.47416,1.1300,2.1800
21.01.2014 00:36:31.539,1.47617,1.47417,1.9800,2.6300
21.01.2014 00:36:32.777,1.47617,1.47417,1.8000,1.9900
21.01.2014 00:36:34.323,1.47615,1.47415,1.7100,1.0200
21.01.2014 00:36:35.751,1.47614,1.47414,2.3300,2.8400
21.01.2014 00:36:37.149,1.47615,1.47415,2.2100,1.4600
21.01.2014 00:36:38.328,1.47617,1.47417,1.4900,2.9700
21.01.2014 00:36:39.735,1.47617,1.47417,2.3100,2.6200
21.01.2014 00:36:41.105,1.47618,1.47418,1.8500,1.2100
21.01.2014 00:36:42.547,1.47620,1.47420,1.4600,1.3900
21.01.2014 00:36:43.987,1.47623,1.47423,1.8400,1.9900
21.01.2014 00:36:45.276,1.47624,1.47424,2.7900,1.5500
21.01.2014 00:36:46.516,1.47626,1.47426,1.2400,1.1500
21.01.2014 00:36:47.935,1.47624,1.47424,1.1300,1.9900
21.01.2014 00:36:49.434,1.47624,1.47424,2.7900,2.5900
21.01.2014 00:36:50.929,1.47624,1.47424,2.4800,1.1900
21.01.2014 00:36:52.369,1.47620,1.47420,1.6500,1.0200
21.01.2014 00:36:53.814,1.47621,1.47421,1.8000,2.9100
21.01.2014 00:36:55.081,1.47620,1.47420,2.7700,2.1200
21.01.2014 00:36:56.480,1.47620,1.47420,1.2100,2.3500
21.01.2014 00:36:57.875,1.47619,1.47419,2.9600,1.8400
21.01.2014 00:36:59.406,1.47620,1.47420,2.6600,1.8900
21.01.2014 00:37:00.862,1.47621,1.47421,1.4400,2.5900
21.01.2014 00:37:02.425,1.47621,1.47421,2.2000,2.9200
21.01.2014 00:37:03.816,1.47621,1.47421,1.5100,1.7700
21.01.2014 00:37:05.321,1.47621,1.47421,2.2500,1.5900
21.01.2014 00:37:06.540,1.47622,1.47422,1.1500,2.2300
21.01.2014 00:37:08.047,1.47624,1.47424,1.8900,2.6100
21.01.2014 00:37:09.453,1.47623,1.47423,1.3400,1.0600
21.01.2014 00:37:10.908,1.47623,1.47423,1.9100,1.0300
21.01.2014 00:37:12.274,1.47625,1.47425,2.8000,1.4600
21.01.2014 00:37:13.636,1.47622,1.47422,2.8100,1.0800
21.01.2014 00:37:15.095,1.47623,1.47423,1.4700,1.7300
21.01.2014 00:37:16.509,1.47622,1.47422,2.7100,2.5500
21.01.2014 00:37:17.970,1.47624,1.47424,1.6300,1.3100
21.01.2014 00:37:19.329,1.47625,1.47425,1.5400,1.1300
21.01.2014 00:37:20.581,1.47626,1.47426,3.0000,1.6900
21.01.2014 00:37:21.957,1.47625,1.47425,2.6500,1.6200
21.01.2014 00:37:23.306,1.47627,1.47427,2.3500,1.7900
21.01.2014 00:37:24.470,1.47626,1.47426,1.0900,2.4000
21.01.2014 00:37:25.885,1.47626,1.47426,1.1800,2.4000
21.01.2014 00:37:27.312,1.47625,1.47425,2.6400,2.7100
21.01.2014 00:37:28.674,1.47625,1.47425,1.3400,2.1400
21.01.2014 00:37:30.118,1.47628,1.47428,2.2800,2.9500
21.01.2014 00:37:31.584,1.47629,1.47429,2.1900,1.4700
21.01.2014 00:37:32.898,1.47629,1.47429,2.6700,1.1300
21.01.2014 00:37:34.292,1.47627,1.47427,1.6100,1.2500
21.01.2014 00:37:35.637,1.47625,1.47425,1.6600,2.4500
21.01.2014 00:37:36.949,1.47626,1.47426,2.1300,2.6400
21.01.2014 00:37:38.400,1.47628,1.47428,1.6800,1.4000
21.01.2014 00:37:39.783,1.47631,1.47431,1.7500,2.3500
21.01.2014 00:37:41.283,1.47628,1.47428,1.4300,1.8300
21.01.2014 00:37:42.631,1.47628,1.47428,2.5700,1.6800
21.01.2014 00:37:44.099,1.47627,1.47427,1.3300,1.0400
21.01.2014 00:37:45.528,1.47625,1.47425,2.8700,1.3400
21.01.2014 00:37:46.946,1.47622,1.47422,2.7600,2.8600
21.01.2014 00:37:48.370,1.47620,1.47420,1.2900,2.1900
21.01.2014 00:37:49.667,1.47620,1.47420,1.2400,2.5300
21.01.2014 00:37:51.130,1.47623,1.47423,2.7300,2.1800
21.01.2014 00:37:52.714,1.47623,1.47423,1.1600,2.5800
21.01.2014 00:37:54.104,1.47621,1.47421,1.7500,2.7700
21.01.2014 00:37:55.627,1.47622,1.47422,2.9600,1.0500
21.01.2014 00:37:57.207,1.47621,1.47421,1.4200,1.8100
21.01.2014 00:37:58.715,1.47621,1.47421,2.2600,3.0000
21.01.2014 00:38:00.297,1.47621,1.47421,1.4900,2.1000
21.01.2014 00:38:01.762,1.47619,1.47419,2.0400,1.4200
21.01.2014 00:38:03.095,1.47618,1.47418,2.5300,1.4100
21.01.2014 00:38:04.547,1.47618,1.47418,2.9600,2.2600
21.01.2014 00:38:05.971,1.47619,1.47419,2.1600,2.2300
21.01.2014 00:38:07.385,1.47619,1.47419,1.6000,2.9100
21.01.2014 00:38:08.743,1.47617,1.47417,1.6600,1.0800
21.01.2014 00:38:09.994,1.47620,1.47420,1.4800,1.7500
21.01.2014 00:38:11.524,1.47618,1.47418,1.0400,2.3200
21.01.2014 00:38:12.953,1.47616,1.47416,2.8300,2.9000
21.01.2014 00:38:14.351,1.47616,1.47416,1.8000,1.9900
21.01.2014 00:38:15.593,1.47617,1.47417,1.9300,1.3000
21.01.2014 00:38:16.962,1.47615,1.47415,1.1300,1.3100
21.01.2014 00:38:18.240,1.47616,1.47416,1.9300,1.4000
21.01.2014 00:38:19.752,1.47614,1.47414,1.3700,2.1200
21.01.2014 00:38:21.147,1.47611,1.47411,2.5300,1.3700
21.01.2014 00:38:22.527,1.47610,1.47410,2.1300,1.5600
21.01.2014 00:38:23.902,1.47612,1.47412,1.1500,2.3700
21.01.2014 00:38:25.408,1.47610,1.47410,2.7900,1.0200
21.01.2014 00:38:26.755,1.47609,1.47409,1.0400,2.3600
21.01.2014 00:38:27.934,1.47607,1.47407,1.8700,2.9000
21.01.2014 00:38:29.145,1.47606,1.47406,1.6800,1.2700
21.01.2014 00:38:30.494,1.47605,1.47405,2.8100,2.9200
21.01.2014 00:38:31.755,1.47603,1.47403,1.1000,1.0100
21.01.2014 00:38:33.114,1.47602,1.47402,1.1400,1.8100
21.01.2014 00:38:34.424,1.47603,1.47403,2.9700,2.3700
21.01.2014 00:38:35.925,1.47603,1.47403,1.6700,2.6300
21.01.2014 00:38:37.419,1.47604,1.47404,2.9300,1.1600
21.01.2014 00:38:38.768,1.47602,1.47402,2.3800,2.6700
21.01.2014 00:38:40.159,1.47603,1.47403,1.6400,1.5000
21.01.2014 00:38:41.560,1.47603,1.47403,1.6600,1.1800
21.01.2014 00:38:42.956,1.47602,1.47402,2.0300,1.4600
21.01.2014 00:38:44.420,1.47602,1.47402,1.8600,2.8400
21.01.2014 00:38:45.669,1.47601,1.47401,2.7200,1.4900
21.01.2014 00:38:47.076,1.47598,1.47398,1.2600,1.2600
21.01.2014 00:38:48.462,1.47598,1.47398,1.7700,2.0000
21.01.2014 00:38:49.838,1.47594,1.47394,1.4400,2.2600
21.01.2014 00:38:51.209,1.47595,1.47395,2.6000,2.0500
21.01.2014 00:38:52.581,1.47595,1.47395,1.5500,2.8700
21.01.2014 00:38:53.995,1.47590,1.47390,2.1400,1.2800
21.01.2014 00:38:55.521,1.47590,1.47390,2.6900,1.0500
21.01.2014 00:38:56.846,1.47592,1.47392,1.0100,1.0800
21.01.2014 00:38:58.354,1.47592,1.47392,1.6600,2.2300
21.01.2014 00:38:59.857,1.47592,1.47392,2.5900,1.6700
21.01.2014 00:39:01.332,1.47590,1.47390,2.2900,2.2600
21.01.2014 00:39:02.716,1.47588,1.47388,1.6100,1.9800
21.01.2014 00:39:04.173,1.47588,1.47388,2.8000,2.4600
21.01.2014 00:39:05.547,1.47587,1.47387,2.6800,1.7200
21.01.2014 00:39:06.996,1.47584,1.47384,1.9100,1.2100
21.01.2014 00:39:08.366,1.47584,1.47384,2.9600,1.7300
21.01.2014 00:39:09.655,1.47583,1.47383,1.8600,2.0900
21.01.2014 00:39:10.843,1.47583,1.47383,2.0000,2.9400
21.01.2014 00:39:12.204,1.47582,1.47382,1.9800,1.9300
21.01.2014 00:39:13.511,1.47581,1.47381,2.0400,2.3300
21.01.2014 00:39:15.146,1.47580,1.47380,1.6500,1.3900
21.01.2014 00:39:16.587,1.47581,1.47381,2.5700,2.7500
21.01.2014 00:39:18.025,1.47582,1.47382,1.3100,2.0700
21.01.2014 00:39:19.479,1.47584,1.47384,1.1400,1.8800
21.01.2014 00:39:20.738,1.47582,1.47382,1.5900,1.8400
21.01.2014 00:39:22.170,1.47581,1.47381,1.5700,2.4800
21.01.2014 00:39:23.629,1.47581,1.47381,2.7400,1.4900
21.01.2014 00:39:25.034,1.47585,1.47385,1.2600,1.8200
21.01.2014 00:39:26.497,1.47584,1.47384,1.9700,2.1400
21.01.2014 00:39:27.799,1.47583,1.47383,2.6400,1.4200
21.01.2014 00:39:29.266,1.47580,1.47380,1.0900,1.3300
21.01.2014 00:39:30.522,1.47581,1.47381,1.8100,1.7400
21.01.2014 00:39:31.881,1.47581,1.47381,2.8800,1.8400
21.01.2014 00:39:33.321,1.47579,1.47379,1.3200,1.2700
21.01.2014 00:39:34.892,1.47581,1.47381,2.5700,2.8600
21.01.2014 00:39:36.320,1.47581,1.47381,2.0700,1.4000
21.01.2014 00:39:37.816,1.47583,1.47383,1.1400,1.8400
21.01.2014 00:39:39.111,1.47587,1.47387,1.1900,2.9200
21.01.2014 00:39:40.536,1.47586,1.47386,2.7900,2.5300
21.01.2014 00:39:41.911,1.47587,1.47387,1.7200,1.4300
21.01.2014 00:39:43.388,1.47586,1.47386,2.9900,2.2500
21.01.2014 00:39:44.883,1.47590,1.47390,2.0800,2.8600
21.01.2014 00:39:46.252,1.47589,1.47389,1.9100,2.5900
21.01.2014 00:39:47.750,1.47588,1.47388,2.6100,1.7300
21.01.2014 00:39:49.133,1.47587,1.47387,2.2300,2.5600
21.01.2014 00:39:50.663,1.47585,1.47385,2.0600,1.6900
21.01.2014 00:39:52.041,1.47586,1.47386,1.8100,2.2700
21.01.2014 00:39:53.245,1.47585,1.47385,2.6100,1.0700
21.01.2014 00:39:54.691,1.47587,1.47387,1.6200,1.3200
21.01.2014 00:39:56.118,1.47584,1.47384,1.8900,1.4300
21.01.2014 00:39:57.551,1.47588,1.47388,2.1000,1.9100
21.01.2014 00:39:58.872,1.47588,1.47388,2.7200,2.0000
21.01.2014 00:40:00.262,1.47588,1.47388,2.9300,1.1500
21.01.2014 00:40:01.566,1.47586,1.47386,1.0800,2.6600
21.01.2014 00:40:02.811,1.47586,1.47386,2.7900,1.1500
21.01.2014 00:40:04.270,1.47587,1.47387,1.2200,2.2800
21.01.2014 00:40:05.687,1.47589,1.47389,2.2400,2.9700
21.01.2014 00:40:07.149,1.47589,1.47389,2.9300,2.1400
21.01.2014 00:40:08.551,1.47590,1.47390,2.0700,2.7300
21.01.2014 00:40:09.995,1.47591,1.47391,1.9900,2.3400
21.01.2014 00:40:11.391,1.47591,1.47391,1.8900,1.0600
21.01.2014 00:40:12.802,1.47590,1.47390,1.6900,1.4000
21.01.2014 00:40:14.241,1.47591,1.47391,1.2600,2.8800
21.01.2014 00:40:15.644,1.47591,1.47391,2.2600,2.6400
21.01.2014 00:40:17.047,1.47588,1.47388,1.0700,1.2300
21.01.2014 00:40:18.493,1.47589,1.47389,1.4900,1.8200
21.01.2014 00:40:19.805,1.47586,1.47386,2.1100,1.9300
21.01.2014 00:40:21.080,1.47587,1.47387,1.1100,2.5600
21.01.2014 00:40:22.604,1.47585,1.47385,1.7000,1.4100
21.01.2014 00:40:23.946,1.47584,1.47384,2.7200,2.2800
21.01.2014 00:40:25.245,1.47583,1.47383,1.0900,1.0800
21.01.2014 00:40:26.469,1.47582,1.47382,1.9400,2.3000
21.01.2014 00:40:27.959,1.47580,1.47380,1.1200,2.6900
21.01.2014 00:40:29.240,1.47583,1.47383,2.4300,2.7800
21.01.2014 00:40:30.579,1.47583,1.47383,1.7300,2.2800
21.01.2014 00:40:31.975,1.47583,1.47383,1.1800,1.6800
21.01.2014 00:40:33.359,1.47582,1.47382,1.9900,1.9400
21.01.2014 00:40:34.807,1.47583,1.47383,2.8600,1.2800
21.01.2014 00:40:36.066,1.47583,1.47383,2.7500,1.9300
21.01.2014 00:40:37.432,1.47583,1.47383,2.7500,1.2300
21.01.2014 00:40:38.763,1.47585,1.47385,2.4600,2.3500
21.01.2014 00:40:40.126,1.47587,1.47387,1.7900,2.8900
21.01.2014 00:40:41.587,1.47587,1.47387,2.2000,1.9100
21.01.2014 00:40:42.898,1.47586,1.47386,2.1700,1.5000
21.01.2014 00:40:44.283,1.47588,1.47388,2.0400,1.5500
21.01.2014 00:40:45.564,1.47591,1.47391,2.9600,2.4500
21.01.2014 00:40:47.020,1.47594,1.47394,2.6400,2.8700
21.01.2014 00:40:48.317,1.47593,1.47393,2.6000,1.9100
21.01.2014 00:40:49.956,1.47590,1.47390,2.2400,2.8600
21.01.2014 00:40:51.382,1.47592,1.47392,1.1300,2.9900
21.01.2014 00:40:52.769,1.47590,1.47390,2.9100,1.1900
21.01.2014 00:40:54.150,1.47591,1.47391,2.8600,1.5900
21.01.2014 00:40:55.514,1.47591,1.47391,2.4700,2.4800
21.01.2014 00:40:56.822,1.47588,1.47388,1.9700,2.4100
21.01.2014 00:40:58.421,1.47588,1.47388,1.5000,2.1000
21.01.2014 00:40:59.825,1.47587,1.47387,1.3700,1.2500
21.01.2014 00:41:01.245,1.47589,1.47389,1.9100,2.7200
21.01.2014 00:41:02.530,1.47590,1.47390,1.9500,1.1300
21.01.2014 00:41:03.885,1.47589,1.47389,2.8400,2.2200
21.01.2014 00:41:05.369,1.47586,1.47386,1.3900,1.2600
21.01.2014 00:41:06.974,1.47585,1.47385,2.8300,2.7900
21.01.2014 00:41:08.314,1.47585,1.47385,1.0600,1.3400
21.01.2014 00:41:09.627,1.47583,1.47383,2.3200,1.4700
21.01.2014 00:41:11.050,1.47578,1.47378,1.7400,2.8100
21.01.2014 00:41:12.401,1.47578,1.47378,2.8100,2.4500
21.01.2014 00:41:13.756,1.47581,1.47381,1.0500,1.5400
21.01.2014 00:41:15.223,1.47581,1.47381,1.2600,2.0400
21.01.2014 00:41:16.664,1.47580,1.47380,2.6300,2.6500
21.01.2014 00:41:18.077,1.47580,1.47380,1.4400,1.9800
21.01.2014 00:41:19.683,1.47580,1.47380,1.7300,2.3200
21.01.2014 00:41:20.913,1.47582,1.47382,2.4700,2.6300
21.01.2014 00:41:22.289,1.47580,1.47380,1.8800,2.1500
21.01.2014 00:41:23.556,1.47579,1.47379,1.2200,1.4700
21.01.2014 00:41:24.971,1.47576,1.47376,2.2700,1.0200
21.01.2014 00:41:26.350,1.47576,1.47376,2.4300,2.4500
21.01.2014 00:41:27.956,1.47575,1.47375,1.6300,1.1600
21.01.2014 00:41:29.387,1.47576,1.47376,2.1800,2.1100
21.01.2014 00:41:30.892,1.47576,1.47376,2.8200,1.0000
21.01.2014 00:41:32.360,1.47573,1.47373,2.8500,2.8300
21.01.2014 00:41:33.712,1.47575,1.47375,2.2200,2.5700
21.01.2014 00:41:35.091,1.47575,1.47375,2.7900,1.4900
21.01.2014 00:41:36.488,1.47577,1.47377,1.7200,2.1700
21.01.2014 00:41:37.813,1.47575,1.47375,2.3200,1.2900
21.01.2014 00:41:39.107,1.47573,1.47373,1.7300,2.9400
21.01.2014 00:41:40.514,1.47571,1.47371,1.1500,1.1600
21.01.2014 00:41:41.760,1.47572,1.47372,1.1900,1.1900
21.01.2014 00:41:43.380,1.47569,1.47369,1.1600,2.9000
21.01.2014 00:41:44.815,1.47570,1.47370,2.7700,1.4100
21.01.2014 00:41:46.210,1.47569,1.47369,1.3500,2.1200
21.01.2014 00:41:47.621,1.47572,1.47372,2.2500,1.8400
21.01.2014 00:41:48.986,1.47570,1.47370,2.7400,1.8900
21.01.2014 00:41:50.346,1.47571,1.47371,1.6100,1.4100
21.01.2014 00:41:51.740,1.47572,1.47372,1.2900,1.4600
21.01.2014 00:41:53.079,1.47570,1.47370,2.6500,1.5500
21.01.2014 00:41:54.450,1.47573,1.47373,1.2900,2.5700
21.01.2014 00:41:56.056,1.47568,1.47368,1.0700,2.9400
21.01.2014 00:41:57.485,1.47566,1.47366,1.6200,2.7000
21.01.2014 00:41:58.935,1.47563,1.47363,2.8600,1.3500
21.01.2014 00:42:00.552,1.47562,1.47362,2.2300,1.0700
21.01.2014 00:42:01.970,1.47563,1.47363,1.9000,1.2700
21.01.2014 00:42:03.473,1.47564,1.47364,2.1800,2.3300
21.01.2014 00:42:04.881,1.47562,1.47362,2.2900,1.9000
21.01.2014 00:42:06.087,1.47563,1.47363,1.4900,2.8000
21.01.2014 00:42:07.496,1.47563,1.47363,2.3800,2.6300
21.01.2014 00:42:08.887,1.47562,1.47362,2.1400,2.2400
21.01.2014 00:42:10.391,1.47560,1.47360,2.1700,1.6500
21.01.2014 00:42:11.798,1.47563,1.47363,2.1400,1.5000
21.01.2014 00:42:13.155,1.47563,1.47363,1.4800,2.0400
21.01.2014 00:42:14.675,1.47564,1.47364,1.6500,1.9900
21.01.2014 00:42:16.134,1.47562,1.47362,2.3300,1.0300
21.01.2014 00:42:17.570,1.47562,1.47362,1.3500,1.3200
21.01.2014 00:42:19.018,1.47560,1.47360,2.5500,1.9700
21.01.2014 00:42:20.482,1.47559,1.47359,1.4300,2.3900
21.01.2014 00:42:21.762,1.47559,1.47359,2.4800,2.8500
21.01.2014 00:42:22.906,1.47557,1.47357,2.8700,2.0100
21.01.2014 00:42:24.366,1.47561,1.47361,1.4600,1.9800
21.01.2014 00:42:25.823,1.47560,1.47360,2.6100,2.0000
21.01.2014 00:42:27.262,1.47560,1.47360,2.3500,2.6800
21.01.2014 00:42:28.443,1.47559,1.47359,2.2500,2.5000
21.01.2014 00:42:29.675,1.47559,1.47359,2.4200,1.9200
21.01.2014 00:42:31.168,1.47558,1.47358,1.3300,1.9700
21.01.2014 00:42:32.475,1.47555,1.47355,1.5100,1.3600
21.01.2014 00:42:33.874,1.47557,1.47357,2.9900,1.4200
21.01.2014 00:42:35.214,1.47555,1.47355,2.2000,1.6200
21.01.2014 00:42:36.495,1.47556,1.47356,2.0700,2.8900
21.01.2014 00:42:37.923,1.47555,1.47355,2.8100,2.6400
21.01.2014 00:42:39.507,1.47556,1.47356,1.7200,1.9100
21.01.2014 00:42:40.880,1.47554,1.47354,1.9000,2.7000
21.01.2014 00:42:42.210,1.47554,1.47354,1.8000,2.0500
21.01.2014 00:42:43.680,1.47555,1.47355,1.1900,1.9200
21.01.2014 00:42:45.198,1.47552,1.47352,1.5000,1.0600
21.01.2014 00:42:46.654,1.47551,1.47351,1.9900,1.0300
21.01.2014 00:42:47.955,1.47550,1.47350,2.8300,1.7000
21.01.2014 00:42:49.261,1.47553,1.47353,1.9400,1.3100
21.01.2014 00:42:50.709,1.47553,1.47353,2.5100,1.3800
21.01.2014 00:42:52.397,1.47550,1.47350,1.6700,1.5200
21.01.2014 00:42:53.791,1.47551,1.47351,2.5800,1.1200
21.01.2014 00:42:55.242,1.47549,1.47349,1.1500,1.1700
21.01.2014 00:42:56.657,1.47548,1.47348,2.3500,1.8100
21.01.2014 00:42:58.044,1.47547,1.47347,1.1500,2.8700
21.01.2014 00:42:59.484,1.47547,1.47347,2.0700,2.2900
21.01.2014 00:43:00.938,1.47551,1.47351,1.5300,1.5100
21.01.2014 00:43:02.683,1.47550,1.47350,2.3200,1.4500
21.01.2014 00:43:04.086,1.47547,1.47347,2.6500,1.5700
21.01.2014 00:43:05.580,1.47550,1.47350,1.8200,2.6200
21.01.2014 00:43:07.098,1.47550,1.47350,1.5600,2.9700
21.01.2014 00:43:08.421,1.47551,1.47351,1.3300,1.3200
21.01.2014 00:43:09.819,1.47551,1.47351,2.8900,1.8200
21.01.2014 00:43:11.310,1.47550,1.47350,1.7000,1.7300
21.01.2014 00:43:12.697,1.47550,1.47350,1.3400,2.8000
21.01.2014 00:43:13.849,1.47550,1.47350,2.9900,2.6000
21.01.2014 00:43:15.223,1.47553,1.47353,2.7300,2.1800
