Time,Ask,Bid,AskVolume,BidVolume
31.01.2014 00:00:01.874,1.47860,1.47660,2.7500,1.6200
31.01.2014 00:00:03.377,1.47859,1.47659,1.9500,2.3500
31.01.2014 00:00:04.586,1.47857,1.47657,2.3200,1.3500
31.01.2014 00:00:06.092,1.47860,1.47660,1.6100,2.3000
31.01.2014 00:00:07.509,1.47859,1.47659,2.9700,1.8700
31.01.2014 00:00:08.790,1.47859,1.47659,2.1300,1.7400
31.01.2014 00:00:10.327,1.47860,1.47660,1.4600,1.7400
31.01.2014 00:00:11.759,1.47860,1.47660,2.7300,2.5600
31.01.2014 00:00:13.028,1.47860,1.47660,2.4800,1.2100
31.01.2014 00:00:14.483,1.47858,1.47658,1.3500,1.3700
31.01.2014 00:00:15.949,1.47858,1.47658,2.5300,1.6700
31.01.2014 00:00:17.398,1.47859,1.47659,2.8400,2.0000
31.01.2014 00:00:18.732,1.47858,1.47658,2.0500,2.1400
31.01.2014 00:00:20.011,1.47861,1.47661,2.6000,2.1600
31.01.2014 00:00:21.554,1.47860,1.47660,2.3900,1.7100
31.01.2014 00:00:22.973,1.47860,1.47660,1.7300,2.3000
31.01.2014 00:00:24.371,1.47859,1.47659,2.5600,2.2200
31.01.2014 00:00:25.810,1.47859,1.47659,2.0200,2.8500
31.01.2014 00:00:27.281,1.47861,1.47661,1.2500,2.3500
31.01.2014 00:00:28.776,1.47860,1.47660,1.7900,1.3500
31.01.2014 00:00:30.127,1.47859,1.47659,2.0100,2.8500
31.01.2014 00:00:31.431,1.47856,1.47656,2.8200,2.8600
31.01.2014 00:00:33.010,1.47856,1.47656,2.3300,1.1200
31.01.2014 00:00:34.505,1.47855,1.47655,2.7900,2.4700
31.01.2014 00:00:36.138,1.47856,1.47656,2.4400,1.0500
31.01.2014 00:00:37.656,1.47854,1.47654,2.0900,1.8200
31.01.2014 00:00:38.995,1.47852,1.47652,2.7200,1.3200
31.01.2014 00:00:40.305,1.47853,1.47653,2.1200,1.1600
31.01.2014 00:00:41.690,1.47852,1.47652,2.4800,2.6100
31.01.2014 00:00:43.093,1.47851,1.47651,1.2300,2.8100
31.01.2014 00:00:44.520,1.47850,1.47650,1.3800,2.9300
31.01.2014 00:00:46.020,1.47853,1.47653,1.6500,2.5600
31.01.2014 00:00:47.422,1.47852,1.47652,2.6500,1.9300
31.01.2014 00:00:48.946,1.47851,1.47651,1.8500,1.5200
31.01.2014 00:00:50.482,1.47847,1.47647,1.5300,1.2100
31.01.2014 00:00:51.899,1.47848,1.47648,2.3100,2.0700
31.01.2014 00:00:53.476,1.47847,1.47647,1.8900,2.9600
31.01.2014 00:00:54.934,1.47849,1.47649,2.8400,1.5700
31.01.2014 00:00:56.312,1.47849,1.47649,2.8400,1.4300
31.01.2014 00:00:57.675,1.47850,1.47650,2.0700,1.8700
31.01.2014 00:00:58.998,1.47849,1.47649,1.7700,1.0900
31.01.2014 00:01:00.544,1.47848,1.47648,1.0600,1.5200
31.01.2014 00:01:01.954,1.47848,1.47648,1.6700,1.3200
31.01.2014 00:01:03.277,1.47847,1.47647,2.7500,1.3900
31.01.2014 00:01:04.559,1.47846,1.47646,2.7300,2.5700
31.01.2014 00:01:06.053,1.47849,1.47649,1.6300,1.1500
31.01.2014 00:01:07.523,1.47846,1.47646,2.0800,2.8500
31.01.2014 00:01:09.023,1.47847,1.47647,2.3800,1.9100
31.01.2014 00:01:10.415,1.47845,1.47645,1.7400,2.2900
31.01.2014 00:01:11.870,1.47844,1.47644,2.2000,2.2200
31.01.2014 00:01:13.279,1.47845,1.47645,1.1000,1.5100
31.01.2014 00:01:14.581,1.47843,1.47643,2.6600,1.3800
31.01.2014 00:01:15.980,1.47843,1.47643,1.0800,2.4100
31.01.2014 00:01:17.432,1.47841,1.47641,2.5000,1.5800
31.01.2014 00:01:18.626,1.47840,1.47640,2.0200,1.5600
31.01.2014 00:01:19.989,1.47841,1.47641,2.4700,1.3500
31.01.2014 00:01:21.357,1.47840,1.47640,2.5700,1.1600
31.01.2014 00:01:22.801,1.47842,1.47642,1.5500,2.8000
31.01.2014 00:01:24.091,1.47842,1.47642,2.8300,1.6700
31.01.2014 00:01:25.336,1.47841,1.47641,1.9700,1.4700
31.01.2014 00:01:26.731,1.47842,1.47642,2.3100,1.0700
31.01.2014 00:01:28.277,1.47843,1.47643,1.2700,1.7700
31.01.2014 00:01:29.901,1.47840,1.47640,1.9500,2.6300
31.01.2014 00:01:31.247,1.47840,1.47640,2.4700,2.6300
31.01.2014 00:01:32.615,1.47841,1.47641,1.6700,2.1800
31.01.2014 00:01:34.008,1.47842,1.47642,1.3800,1.3200
31.01.2014 00:01:35.441,1.47843,1.47643,2.7000,2.2800
31.01.2014 00:01:36.860,1.47842,1.47642,2.0700,2.9700
31.01.2014 00:01:38.439,1.47841,1.47641,1.6300,1.9800
31.01.2014 00:01:39.961,1.47840,1.47640,1.1100,1.2000
31.01.2014 00:01:41.312,1.47837,1.47637,1.5900,2.2700
31.01.2014 00:01:42.522,1.47839,1.47639,1.4900,1.6700
31.01.2014 00:01:43.884,1.47838,1.47638,1.8200,1.0900
31.01.2014 00:01:45.253,1.47838,1.47638,1.4100,2.2500
31.01.2014 00:01:46.673,1.47836,1.47636,2.9600,2.9600
31.01.2014 00:01:48.151,1.47837,1.47637,2.1000,1.3600
31.01.2014 00:01:49.446,1.47836,1.47636,2.9200,2.5400
31.01.2014 00:01:50.870,1.47840,1.47640,1.5800,1.4500
31.01.2014 00:01:52.396,1.47842,1.47642,2.1400,2.3600
31.01.2014 00:01:53.878,1.47841,1.47641,1.7300,2.6300
31.01.2014 00:01:55.385,1.47840,1.47640,2.2100,1.8800
31.01.2014 00:01:56.854,1.47841,1.47641,1.5700,1.9600
31.01.2014 00:01:58.370,1.47840,1.47640,1.7300,1.6000
31.01.2014 00:01:59.705,1.47841,1.47641,1.9600,1.2300
31.01.2014 00:02:01.151,1.47839,1.47639,1.6500,1.9300
31.01.2014 00:02:02.601,1.47837,1.47637,2.4700,1.2000
31.01.2014 00:02:03.994,1.47836,1.47636,2.3800,1.3200
31.01.2014 00:02:05.303,1.47834,1.47634,1.1500,2.0100
31.01.2014 00:02:06.788,1.47833,1.47633,1.4200,1.7900
31.01.2014 00:02:08.144,1.47832,1.47632,2.2600,1.3100
31.01.2014 00:02:09.539,1.47835,1.47635,1.9100,2.4600
31.01.2014 00:02:10.935,1.47836,1.47636,1.4000,2.3100
31.01.2014 00:02:12.351,1.47836,1.47636,2.2400,1.6900
31.01.2014 00:02:13.585,1.47835,1.47635,1.9500,2.7400
31.01.2014 00:02:14.932,1.47831,1.47631,1.7800,1.7700
31.01.2014 00:02:16.192,1.47831,1.47631,2.6900,2.3100
31.01.2014 00:02:17.430,1.47829,1.47629,1.8800,1.9300
31.01.2014 00:02:18.675,1.47827,1.47627,2.8600,1.3700
31.01.2014 00:02:20.004,1.47828,1.47628,1.8800,2.2900
31.01.2014 00:02:21.369,1.47828,1.47628,1.4200,1.9700
31.01.2014 00:02:22.625,1.47828,1.47628,1.7600,1.9000
31.01.2014 00:02:24.189,1.47831,1.47631,1.8500,1.9300
31.01.2014 00:02:25.573,1.47830,1.47630,1.9600,2.9300
31.01.2014 00:02:26.818,1.47831,1.47631,1.3100,1.7000
31.01.2014 00:02:28.234,1.47829,1.47629,1.2900,2.5700
31.01.2014 00:02:29.698,1.47829,1.47629,2.0100,1.8100
31.01.2014 00:02:30.980,1.47827,1.47627,2.2700,1.0200
31.01.2014 00:02:32.444,1.47827,1.47627,2.8200,2.8700
31.01.2014 00:02:33.687,1.47828,1.47628,2.5000,2.0300
31.01.2014 00:02:35.028,1.47830,1.47630,2.1600,2.7400
31.01.2014 00:02:36.567,1.47829,1.47629,2.2500,1.7800
31.01.2014 00:02:38.039,1.47829,1.47629,2.1700,2.0000
31.01.2014 00:02:39.276,1.47832,1.47632,1.3600,1.5000
31.01.2014 00:02:40.721,1.47830,1.47630,2.2000,2.4000
31.01.2014 00:02:42.149,1.47828,1.47628,2.8200,2.3000
31.01.2014 00:02:43.653,1.47831,1.47631,1.5800,1.4800
31.01.2014 00:02:45.062,1.47832,1.47632,2.1700,1.6200
31.01.2014 00:02:46.460,1.47829,1.47629,2.0300,2.9300
31.01.2014 00:02:47.800,1.47827,1.47627,1.3600,2.8900
31.01.2014 00:02:49.237,1.47826,1.47626,1.2100,1.8200
31.01.2014 00:02:50.682,1.47827,1.47627,2.4800,1.4900
31.01.2014 00:02:52.160,1.47826,1.47626,2.7500,1.2800
31.01.2014 00:02:53.495,1.47826,1.47626,1.9400,2.6300
31.01.2014 00:02:54.898,1.47825,1.47625,1.3400,2.2800
31.01.2014 00:02:56.010,1.47824,1.47624,1.1100,1.6900
31.01.2014 00:02:57.591,1.47827,1.47627,2.8900,1.9000
31.01.2014 00:02:59.002,1.47825,1.47625,1.4200,2.5100
31.01.2014 00:03:00.354,1.47824,1.47624,1.2500,2.9500
31.01.2014 00:03:01.712,1.47823,1.47623,1.7200,1.6600
31.01.2014 00:03:03.214,1.47822,1.47622,2.7400,1.1900
31.01.2014 00:03:04.531,1.47824,1.47624,1.1300,2.5200
31.01.2014 00:03:05.989,1.47825,1.47625,1.7500,2.9200
31.01.2014 00:03:07.352,1.47823,1.47623,2.1200,1.1200
31.01.2014 00:03:08.833,1.47823,1.47623,2.9600,2.3500
31.01.2014 00:03:10.340,1.47824,1.47624,2.0800,2.8500
31.01.2014 00:03:11.737,1.47826,1.47626,2.3700,1.7000
31.01.2014 00:03:13.002,1.47827,1.47627,2.6000,2.8500
31.01.2014 00:03:14.405,1.47822,1.47622,1.8300,2.7700
31.01.2014 00:03:15.870,1.47821,1.47621,1.8800,2.7100
31.01.2014 00:03:17.401,1.47823,1.47623,2.9300,2.3300
31.01.2014 00:03:18.728,1.47826,1.47626,2.0000,2.4900
31.01.2014 00:03:20.070,1.47828,1.47628,1.0200,2.4500
31.01.2014 00:03:21.686,1.47829,1.47629,2.2100,1.2100
31.01.2014 00:03:23.074,1.47830,1.47630,2.0100,1.5500
31.01.2014 00:03:24.572,1.47827,1.47627,2.2900,1.6300
31.01.2014 00:03:26.076,1.47829,1.47629,2.7400,2.5900
31.01.2014 00:03:27.187,1.47827,1.47627,2.3700,1.4200
31.01.2014 00:03:28.511,1.47825,1.47625,1.8400,1.6600
31.01.2014 00:03:29.904,1.47824,1.47624,1.3400,2.1800
31.01.2014 00:03:31.448,1.47825,1.47625,2.0200,1.2100
31.01.2014 00:03:32.885,1.47823,1.47623,2.6300,2.6000
31.01.2014 00:03:34.156,1.47824,1.47624,1.7700,1.5400
31.01.2014 00:03:35.567,1.47824,1.47624,1.6700,1.2400
31.01.2014 00:03:36.900,1.47822,1.47622,1.9200,2.4500
31.01.2014 00:03:38.149,1.47822,1.47622,2.7300,1.3800
31.01.2014 00:03:39.465,1.47825,1.47625,1.1800,1.8300
31.01.2014 00:03:40.699,1.47825,1.47625,1.9400,2.4700
31.01.2014 00:03:42.247,1.47826,1.47626,2.1300,2.1000
31.01.2014 00:03:43.486,1.47826,1.47626,2.4700,1.2100
31.01.2014 00:03:44.689,1.47827,1.47627,1.5500,1.4100
31.01.2014 00:03:46.026,1.47828,1.47628,2.7300,1.2800
31.01.2014 00:03:47.388,1.47828,1.47628,1.7700,2.0400
31.01.2014 00:03:48.942,1.47828,1.47628,1.9700,1.1300
31.01.2014 00:03:50.226,1.47828,1.47628,1.5700,2.9500
31.01.2014 00:03:51.608,1.47826,1.47626,1.8000,2.2100
31.01.2014 00:03:53.046,1.47830,1.47630,2.5200,2.3500
31.01.2014 00:03:54.551,1.47829,1.47629,2.5800,1.0200
31.01.2014 00:03:56.011,1.47831,1.47631,1.7800,1.2000
31.01.2014 00:03:57.362,1.47830,1.47630,1.8800,1.4500
31.01.2014 00:03:58.872,1.47830,1.47630,1.7800,1.3700
31.01.2014 00:04:00.287,1.47829,1.47629,1.5200,2.6700
31.01.2014 00:04:01.539,1.47832,1.47632,2.7800,2.2000
31.01.2014 00:04:03.067,1.47831,1.47631,2.0900,1.1900
31.01.2014 00:04:04.381,1.47828,1.47628,2.4700,1.4300
31.01.2014 00:04:05.766,1.47828,1.47628,1.9800,1.7000
31.01.2014 00:04:07.280,1.47829,1.47629,2.2600,2.1200
31.01.2014 00:04:08.665,1.47830,1.47630,2.7100,2.2200
31.01.2014 00:04:10.241,1.47830,1.47630,2.9500,2.0100
31.01.2014 00:04:11.565,1.47831,1.47631,2.3800,1.4000
31.01.2014 00:04:13.078,1.47830,1.47630,2.5000,1.0900
31.01.2014 00:04:14.509,1.47832,1.47632,2.9000,1.9900
31.01.2014 00:04:15.857,1.47832,1.47632,2.9600,2.0500
31.01.2014 00:04:17.195,1.47832,1.47632,1.2300,1.0500
31.01.2014 00:04:18.529,1.47832,1.47632,1.8300,1.5800
31.01.2014 00:04:19.943,1.47831,1.47631,1.9500,2.7200
31.01.2014 00:04:21.380,1.47826,1.47626,1.2300,1.1000
31.01.2014 00:04:22.766,1.47825,1.47625,1.0400,2.1500
31.01.2014 00:04:24.294,1.47823,1.47623,1.6200,1.5900
31.01.2014 00:04:25.724,1.47822,1.47622,2.7900,1.9900
31.01.2014 00:04:27.062,1.47824,1.47624,1.5800,1.4700
31.01.2014 00:04:28.543,1.47824,1.47624,2.4400,2.7400
31.01.2014 00:04:29.933,1.47823,1.47623,1.9500,1.3700
31.01.2014 00:04:31.327,1.47823,1.47623,2.3000,1.1100
31.01.2014 00:04:32.718,1.47822,1.47622,2.9800,2.3200
31.01.2014 00:04:34.005,1.47826,1.47626,2.9300,1.6700
31.01.2014 00:04:35.381,1.47827,1.47627,2.9700,2.7400
31.01.2014 00:04:36.879,1.47826,1.47626,1.2200,2.5000
31.01.2014 00:04:38.234,1.47824,1.47624,1.4200,2.5600
31.01.2014 00:04:39.614,1.47823,1.47623,1.8500,2.3000
31.01.2014 00:04:40.949,1.47823,1.47623,1.3100,1.9200
31.01.2014 00:04:42.432,1.47823,1.47623,1.6500,2.2100
31.01.2014 00:04:43.943,1.47824,1.47624,2.0200,1.6400
31.01.2014 00:04:45.505,1.47822,1.47622,1.4900,2.5400
31.01.2014 00:04:47.086,1.47820,1.47620,1.6500,1.5800
31.01.2014 00:04:48.401,1.47820,1.47620,2.0000,1.1400
31.01.2014 00:04:49.713,1.47820,1.47620,1.5400,2.9600
31.01.2014 00:04:51.055,1.47817,1.47617,1.4400,2.6000
31.01.2014 00:04:52.471,1.47816,1.47616,1.2700,2.4600
31.01.2014 00:04:53.941,1.47818,1.47618,1.4600,1.6200
31.01.2014 00:04:55.391,1.47818,1.47618,1.2500,1.9500
31.01.2014 00:04:56.779,1.47820,1.47620,1.7500,2.7600
31.01.2014 00:04:58.200,1.47821,1.47621,1.0400,2.3100
31.01.2014 00:04:59.605,1.47820,1.47620,1.4900,1.9400
31.01.2014 00:05:01.079,1.47815,1.47615,1.1800,2.0300
31.01.2014 00:05:02.230,1.47815,1.47615,1.7500,1.7300
31.01.2014 00:05:03.658,1.47815,1.47615,1.8400,1.5100
31.01.2014 00:05:05.034,1.47815,1.47615,1.5200,1.2000
31.01.2014 00:05:06.348,1.47813,1.47613,1.1100,2.4100
31.01.2014 00:05:07.638,1.47812,1.47612,1.8400,2.4600
31.01.2014 00:05:09.096,1.47810,1.47610,2.9700,2.8000
31.01.2014 00:05:10.502,1.47809,1.47609,1.4700,1.2100
31.01.2014 00:05:11.874,1.47810,1.47610,2.8100,2.5300
31.01.2014 00:05:13.327,1.47811,1.47611,1.1100,1.6800
31.01.2014 00:05:14.870,1.47810,1.47610,2.3600,2.5900
31.01.2014 00:05:16.296,1.47811,1.47611,1.0800,1.7800
31.01.2014 00:05:17.704,1.47807,1.47607,1.9800,1.5000
31.01.2014 00:05:19.176,1.47804,1.47604,2.3700,2.9800
31.01.2014 00:05:20.565,1.47803,1.47603,2.7100,1.6700
31.01.2014 00:05:22.150,1.47804,1.47604,1.4000,2.2500
31.01.2014 00:05:23.632,1.47804,1.47604,1.4400,2.8500
31.01.2014 00:05:25.095,1.47805,1.47605,2.2200,1.6100
31.01.2014 00:05:26.484,1.47803,1.47603,1.4600,2.8500
31.01.2014 00:05:27.893,1.47804,1.47604,2.5000,1.1700
31.01.2014 00:05:29.379,1.47803,1.47603,1.4400,1.2400
31.01.2014 00:05:30.744,1.47802,1.47602,2.5400,1.2600
31.01.2014 00:05:32.004,1.47803,1.47603,2.3600,1.2100
31.01.2014 00:05:33.429,1.47801,1.47601,2.8000,2.6200
31.01.2014 00:05:34.730,1.47800,1.47600,2.6100,2.3800
31.01.2014 00:05:36.092,1.47800,1.47600,1.7000,2.6700
31.01.2014 00:05:37.581,1.47800,1.47600,1.7500,2.7000
31.01.2014 00:05:38.933,1.47799,1.47599,1.0100,1.2300
31.01.2014 00:05:40.212,1.47801,1.47601,2.7500,1.1000
31.01.2014 00:05:41.751,1.47801,1.47601,2.4300,2.4700
31.01.2014 00:05:43.238,1.47803,1.47603,2.5500,1.6800
31.01.2014 00:05:44.488,1.47804,1.47604,2.5800,1.6200
31.01.2014 00:05:45.711,1.47803,1.47603,1.0800,2.0000
31.01.2014 00:05:47.035,1.47800,1.47600,2.6100,1.4700
31.01.2014 00:05:48.445,1.47801,1.47601,1.2200,2.5700
31.01.2014 00:05:49.856,1.47806,1.47606,2.2100,1.6700
31.01.2014 00:05:51.420,1.47809,1.47609,1.3200,1.2200
31.01.2014 00:05:52.846,1.47813,1.47613,1.1400,1.1700
31.01.2014 00:05:54.098,1.47813,1.47613,1.9200,2.2700
31.01.2014 00:05:55.441,1.47816,1.47616,2.9000,2.7700
31.01.2014 00:05:56.738,1.47816,1.47616,1.0700,2.6400
31.01.2014 00:05:58.356,1.47817,1.47617,1.1500,2.7500
31.01.2014 00:05:59.720,1.47818,1.47618,2.9100,2.3200
31.01.2014 00:06:01.113,1.47819,1.47619,2.8200,1.5300
31.01.2014 00:06:02.765,1.47818,1.47618,2.1200,2.3600
31.01.2014 00:06:04.279,1.47819,1.47619,1.4700,2.4400
31.01.2014 00:06:05.689,1.47820,1.47620,2.6700,2.0000
31.01.2014 00:06:07.108,1.47818,1.47618,1.4800,2.5300
31.01.2014 00:06:08.496,1.47816,1.47616,1.9000,2.0000
31.01.2014 00:06:09.821,1.47816,1.47616,1.3800,1.2900
31.01.2014 00:06:11.212,1.47817,1.47617,1.0100,1.6700
31.01.2014 00:06:12.704,1.47820,1.47620,2.5000,2.1600
31.01.2014 00:06:14.144,1.47819,1.47619,2.2300,2.7800
31.01.2014 00:06:15.534,1.47818,1.47618,2.1300,1.7600
31.01.2014 00:06:17.014,1.47816,1.47616,1.2000,2.0100
31.01.2014 00:06:18.527,1.47814,1.47614,2.3600,2.5100
31.01.2014 00:06:20.114,1.47815,1.47615,1.2600,1.4100
31.01.2014 00:06:21.754,1.47816,1.47616,2.3400,1.3600
31.01.2014 00:06:23.178,1.47815,1.47615,1.7300,2.5700
31.01.2014 00:06:24.472,1.47815,1.47615,1.5900,1.4300
31.01.2014 00:06:25.993,1.47817,1.47617,2.6000,1.0900
31.01.2014 00:06:27.264,1.47817,1.47617,1.1400,1.9700
31.01.2014 00:06:28.726,1.47818,1.47618,1.3800,2.1200
31.01.2014 00:06:30.279,1.47818,1.47618,2.1600,1.4100
31.01.2014 00:06:31.573,1.47818,1.47618,2.0700,1.2400
31.01.2014 00:06:32.828,1.47819,1.47619,2.4900,1.9900
31.01.2014 00:06:34.352,1.47819,1.47619,2.9000,2.6200
31.01.2014 00:06:35.894,1.47819,1.47619,1.4600,2.7200
31.01.2014 00:06:37.202,1.47823,1.47623,2.9900,1.4400
31.01.2014 00:06:38.702,1.47825,1.47625,1.7400,1.7000
31.01.2014 00:06:39.941,1.47825,1.47625,2.2200,2.8300
31.01.2014 00:06:41.294,1.47825,1.47625,2.0100,1.4700
31.01.2014 00:06:42.708,1.47826,1.47626,2.4300,2.1000
31.01.2014 00:06:44.048,1.47826,1.47626,1.1800,1.7600
31.01.2014 00:06:45.628,1.47831,1.47631,2.6500,2.2700
31.01.2014 00:06:46.919,1.47831,1.47631,2.7300,2.8800
31.01.2014 00:06:48.204,1.47829,1.47629,1.5500,2.5900
31.01.2014 00:06:49.518,1.47831,1.47631,2.2200,1.0200
31.01.2014 00:06:50.862,1.47834,1.47634,1.5300,2.1100
31.01.2014 00:06:52.375,1.47838,1.47638,1.5400,1.9700
31.01.2014 00:06:53.495,1.47836,1.47636,1.6800,2.5600
31.01.2014 00:06:54.943,1.47836,1.47636,2.6600,1.3400
31.01.2014 00:06:56.404,1.47834,1.47634,1.7300,2.1100
31.01.2014 00:06:57.755,1.47832,1.47632,1.8100,2.3600
31.01.2014 00:06:59.271,1.47830,1.47630,1.2700,2.6200
31.01.2014 00:07:00.805,1.47828,1.47628,1.0600,2.6400
31.01.2014 00:07:02.367,1.47827,1.47627,2.5300,1.2100
31.01.2014 00:07:03.803,1.47827,1.47627,2.2600,1.6700
31.01.2014 00:07:05.260,1.47829,1.47629,1.1000,2.4600
31.01.2014 00:07:06.719,1.47831,1.47631,2.5000,1.7100
31.01.2014 00:07:08.116,1.47830,1.47630,2.3500,2.9600
31.01.2014 00:07:09.569,1.47830,1.47630,1.4200,2.8400
31.01.2014 00:07:10.987,1.47832,1.47632,1.3700,1.8600
31.01.2014 00:07:12.555,1.47827,1.47627,2.3800,2.0200
31.01.2014 00:07:13.855,1.47828,1.47628,2.5800,1.6800
31.01.2014 00:07:15.305,1.47828,1.47628,1.1200,1.7600
31.01.2014 00:07:16.867,1.47827,1.47627,2.0700,1.0500
31.01.2014 00:07:18.320,1.47826,1.47626,2.7900,2.8700
31.01.2014 00:07:19.631,1.47826,1.47626,1.9400,1.4700
31.01.2014 00:07:21.111,1.47823,1.47623,1.4000,2.3400
31.01.2014 00:07:22.272,1.47824,1.47624,2.8900,1.2500
31.01.2014 00:07:23.763,1.47823,1.47623,1.7300,1.9300
31.01.2014 00:07:25.152,1.47824,1.47624,1.3500,1.5700
31.01.2014 00:07:26.658,1.47824,1.47624,1.0200,1.8500
31.01.2014 00:07:28.081,1.47825,1.47625,1.3500,1.4600
31.01.2014 00:07:29.227,1.47824,1.47624,1.5900,2.8600
31.01.2014 00:07:30.707,1.47822,1.47622,1.7900,2.3300
31.01.2014 00:07:32.120,1.47822,1.47622,2.6900,1.5200
31.01.2014 00:07:33.436,1.47822,1.47622,1.8900,2.0700
31.01.2014 00:07:34.782,1.47822,1.47622,1.0900,2.4900
31.01.2014 00:07:36.274,1.47822,1.47622,1.0200,1.6900
31.01.2014 00:07:37.582,1.47820,1.47620,2.7200,2.9600
31.01.2014 00:07:38.970,1.47819,1.47619,1.4400,1.8300
31.01.2014 00:07:40.157,1.47817,1.47617,2.8600,2.6100
31.01.2014 00:07:41.556,1.47819,1.47619,1.9900,2.2000
31.01.2014 00:07:42.825,1.47819,1.47619,2.1600,1.3400
31.01.2014 00:07:44.243,1.47819,1.47619,2.5900,1.6400
31.01.2014 00:07:45.667,1.47821,1.47621,2.5900,1.1800
31.01.2014 00:07:46.915,1.47820,1.47620,2.6600,2.5300
31.01.2014 00:07:48.385,1.47818,1.47618,1.8800,2.8700
31.01.2014 00:07:49.869,1.47817,1.47617,2.5200,1.1200
31.01.2014 00:07:51.126,1.47816,1.47616,2.7500,2.0000
31.01.2014 00:07:52.556,1.47817,1.47617,1.8600,2.5400
31.01.2014 00:07:53.936,1.47817,1.47617,1.1200,1.6300
31.01.2014 00:07:55.526,1.47819,1.47619,1.6000,1.8400
31.01.2014 00:07:56.930,1.47817,1.47617,2.6000,1.7000
31.01.2014 00:07:58.455,1.47819,1.47619,1.7200,2.1100
31.01.2014 00:07:59.739,1.47819,1.47619,2.0600,1.1700
31.01.2014 00:08:01.344,1.47815,1.47615,1.5900,2.8900
31.01.2014 00:08:02.758,1.47814,1.47614,2.8800,2.2000
31.01.2014 00:08:04.196,1.47814,1.47614,2.6300,1.8600
31.01.2014 00:08:05.614,1.47811,1.47611,2.5300,1.8400
31.01.2014 00:08:07.221,1.47814,1.47614,1.5800,1.9900
31.01.2014 00:08:08.552,1.47815,1.47615,1.9000,2.5200
31.01.2014 00:08:09.880,1.47814,1.47614,1.6100,2.9100
31.01.2014 00:08:11.339,1.47813,1.47613,2.0900,2.5400
31.01.2014 00:08:12.631,1.47815,1.47615,2.7500,2.2300
31.01.2014 00:08:14.243,1.47815,1.47615,2.5500,2.3900
31.01.2014 00:08:15.554,1.47816,1.47616,1.1000,2.2600
31.01.2014 00:08:17.001,1.47815,1.47615,1.6500,2.6700
31.01.2014 00:08:18.392,1.47815,1.47615,2.1100,1.0300
31.01.2014 00:08:19.873,1.47814,1.47614,2.8000,1.1900
31.01.2014 00:08:21.359,1.47815,1.47615,2.3300,2.1300
31.01.2014 00:08:22.744,1.47815,1.47615,2.5500,1.3400
31.01.2014 00:08:24.069,1.47816,1.47616,1.7000,2.8500
31.01.2014 00:08:25.595,1.47816,1.47616,2.9700,1.6300
31.01.2014 00:08:26.907,1.47816,1.47616,2.3500,2.7500
31.01.2014 00:08:28.401,1.47817,1.47617,2.3900,1.0300
31.01.2014 00:08:29.818,1.47816,1.47616,2.8200,2.3000
31.01.2014 00:08:31.197,1.47812,1.47612,1.5800,1.3300
31.01.2014 00:08:32.603,1.47812,1.47612,2.7100,1.2500
31.01.2014 00:08:33.920,1.47813,1.47613,2.2100,2.3000
31.01.2014 00:08:35.182,1.47815,1.47615,2.9000,1.9600
31.01.2014 00:08:36.564,1.47815,1.47615,2.2400,1.7000
31.01.2014 00:08:37.988,1.47814,1.47614,1.3300,2.4200
31.01.2014 00:08:39.447,1.47814,1.47614,1.1900,1.2300
31.01.2014 00:08:40.698,1.47811,1.47611,2.4400,2.3800
31.01.2014 00:08:41.901,1.47813,1.47613,2.2100,1.6100
31.01.2014 00:08:43.348,1.47812,1.47612,2.2300,2.9700
31.01.2014 00:08:44.804,1.47815,1.47615,2.2900,2.8000
31.01.2014 00:08:46.366,1.47816,1.47616,2.7700,2.8900
31.01.2014 00:08:47.731,1.47815,1.47615,1.5700,1.4700
31.01.2014 00:08:49.258,1.47813,1.47613,1.0100,2.2300
31.01.2014 00:08:50.576,1.47814,1.47614,2.0500,2.7600
31.01.2014 00:08:52.132,1.47811,1.47611,1.1200,1.2900
31.01.2014 00:08:53.392,1.47811,1.47611,2.3600,2.7400
31.01.2014 00:08:54.865,1.47812,1.47612,1.5500,2.9800
31.01.2014 00:08:56.384,1.47812,1.47612,1.0200,1.6500
31.01.2014 00:08:57.948,1.47811,1.47611,1.4100,1.1600
31.01.2014 00:08:59.303,1.47807,1.47607,2.7300,2.7300
31.01.2014 00:09:00.753,1.47808,1.47608,1.9100,1.0600
31.01.2014 00:09:02.237,1.47804,1.47604,2.2600,2.5900
31.01.2014 00:09:03.598,1.47806,1.47606,1.0800,1.1900
31.01.2014 00:09:05.117,1.47807,1.47607,1.0100,1.3600
31.01.2014 00:09:06.580,1.47806,1.47606,1.6000,1.4100
31.01.2014 00:09:08.049,1.47809,1.47609,2.0800,2.6100
31.01.2014 00:09:09.275,1.47809,1.47609,2.0300,2.1500
31.01.2014 00:09:10.666,1.47804,1.47604,2.8000,2.0500
31.01.2014 00:09:11.968,1.47803,1.47603,2.6900,1.2500
31.01.2014 00:09:13.485,1.47802,1.47602,1.6800,2.8000
31.01.2014 00:09:14.835,1.47803,1.47603,2.4000,1.6200
31.01.2014 00:09:16.322,1.47800,1.47600,1.5200,1.7600
31.01.2014 00:09:17.874,1.47798,1.47598,2.0200,2.0000
31.01.2014 00:09:19.302,1.47798,1.47598,1.6800,1.7700
31.01.2014 00:09:20.600,1.47797,1.47597,2.1700,2.7400
31.01.2014 00:09:22.128,1.47798,1.47598,1.9700,2.1600
31.01.2014 00:09:23.708,1.47797,1.47597,2.4700,2.7400
31.01.2014 00:09:25.152,1.47795,1.47595,1.6000,2.8100
31.01.2014 00:09:26.567,1.47796,1.47596,1.1900,2.4100
31.01.2014 00:09:27.923,1.47796,1.47596,1.9000,1.4200
31.01.2014 00:09:29.302,1.47795,1.47595,2.5700,2.4800
31.01.2014 00:09:30.680,1.47797,1.47597,1.3700,2.2100
31.01.2014 00:09:32.068,1.47796,1.47596,2.6500,2.2200
31.01.2014 00:09:33.540,1.47794,1.47594,2.4600,2.4000
31.01.2014 00:09:34.812,1.47798,1.47598,1.0100,2.6800
31.01.2014 00:09:36.107,1.47798,1.47598,1.9300,1.2800
31.01.2014 00:09:37.461,1.47800,1.47600,2.3400,1.4700
31.01.2014 00:09:38.904,1.47798,1.47598,2.8600,2.5800
31.01.2014 00:09:40.282,1.47797,1.47597,1.7100,2.3300
31.01.2014 00:09:41.742,1.47796,1.47596,1.7000,1.1500
31.01.2014 00:09:43.117,1.47795,1.47595,2.4100,2.8200
31.01.2014 00:09:44.540,1.47796,1.47596,1.7800,1.6000
31.01.2014 00:09:45.811,1.47795,1.47595,2.7200,1.1900
31.01.2014 00:09:47.257,1.47795,1.47595,2.2800,2.0700
31.01.2014 00:09:48.714,1.47796,1.47596,1.6400,2.5600
31.01.2014 00:09:50.085,1.47794,1.47594,2.6300,1.0900
31.01.2014 00:09:51.543,1.47794,1.47594,1.2300,2.9800
31.01.2014 00:09:52.956,1.47796,1.47596,2.2600,1.4100
31.01.2014 00:09:54.501,1.47793,1.47593,1.6800,1.3500
31.01.2014 00:09:55.996,1.47793,1.47593,2.4200,1.9300
31.01.2014 00:09:57.437,1.47794,1.47594,1.7700,1.8700
31.01.2014 00:09:58.876,1.47795,1.47595,2.7900,1.8700
31.01.2014 00:10:00.327,1.47793,1.47593,1.1500,2.4200
31.01.2014 00:10:01.740,1.47798,1.47598,2.7900,1.7800
31.01.2014 00:10:03.089,1.47796,1.47596,1.5500,2.7500
31.01.2014 00:10:04.513,1.47797,1.47597,2.6500,1.9000
31.01.2014 00:10:05.925,1.47797,1.47597,1.4300,2.7000
31.01.2014 00:10:07.236,1.47797,1.47597,1.2200,2.3700
31.01.2014 00:10:08.610,1.47797,1.47597,2.1500,2.9700
31.01.2014 00:10:10.074,1.47797,1.47597,1.7800,1.5300
31.01.2014 00:10:11.416,1.47796,1.47596,2.6200,1.7700
31.01.2014 00:10:12.935,1.47800,1.47600,2.4600,2.5000
31.01.2014 00:10:14.287,1.47801,1.47601,1.9600,1.4000
31.01.2014 00:10:15.786,1.47801,1.47601,1.7000,1.9500
31.01.2014 00:10:17.031,1.47801,1.47601,2.1300,2.3600
31.01.2014 00:10:18.217,1.47802,1.47602,1.4000,1.2600
31.01.2014 00:10:19.488,1.47798,1.47598,1.3500,1.0500
31.01.2014 00:10:20.831,1.47800,1.47600,1.2600,1.2800
31.01.2014 00:10:22.104,1.47802,1.47602,2.8000,1.5400
31.01.2014 00:10:23.726,1.47806,1.47606,1.6300,1.3800
31.01.2014 00:10:25.105,1.47807,1.47607,1.4600,2.8600
31.01.2014 00:10:26.666,1.47807,1.47607,2.8400,1.4400
31.01.2014 00:10:27.882,1.47808,1.47608,2.3100,1.5900
31.01.2014 00:10:29.381,1.47809,1.47609,2.7700,2.0200
31.01.2014 00:10:30.964,1.47810,1.47610,2.2900,1.1000
31.01.2014 00:10:32.431,1.47811,1.47611,2.8900,1.5600
31.01.2014 00:10:33.808,1.47810,1.47610,1.7700,2.8200
31.01.2014 00:10:35.143,1.47810,1.47610,1.2100,2.6200
31.01.2014 00:10:36.475,1.47813,1.47613,2.7300,1.4600
31.01.2014 00:10:37.818,1.47816,1.47616,2.1300,2.0500
31.01.2014 00:10:39.281,1.47818,1.47618,1.5400,1.0700
31.01.2014 00:10:40.629,1.47817,1.47617,1.8600,1.0900
31.01.2014 00:10:42.131,1.47816,1.47616,2.8000,1.9800
31.01.2014 00:10:43.303,1.47816,1.47616,1.5400,1.9000
31.01.2014 00:10:44.710,1.47816,1.47616,1.0600,1.3800
31.01.2014 00:10:46.079,1.47816,1.47616,1.5200,2.2000
31.01.2014 00:10:47.634,1.47817,1.47617,1.1600,2.3100
31.01.2014 00:10:49.202,1.47818,1.47618,2.5700,1.7600
31.01.2014 00:10:50.570,1.47821,1.47621,2.0600,1.1500
31.01.2014 00:10:51.987,1.47818,1.47618,1.2500,1.8300
31.01.2014 00:10:53.335,1.47818,1.47618,1.8900,1.6000
31.01.2014 00:10:54.830,1.47817,1.47617,2.0800,2.3500
31.01.2014 00:10:56.184,1.47818,1.47618,2.2700,2.8500
31.01.2014 00:10:57.628,1.47817,1.47617,2.3400,2.7700
31.01.2014 00:10:58.985,1.47816,1.47616,1.4200,1.6300
31.01.2014 00:11:00.387,1.47817,1.47617,1.4200,2.5100
31.01.2014 00:11:02.028,1.47815,1.47615,2.7900,1.0900
31.01.2014 00:11:03.213,1.47814,1.47614,1.9100,2.3300
31.01.2014 00:11:04.565,1.47815,1.47615,2.6600,1.6500
31.01.2014 00:11:05.906,1.47812,1.47612,2.7100,2.3000
31.01.2014 00:11:07.289,1.47813,1.47613,1.9100,1.6500
31.01.2014 00:11:08.862,1.47813,1.47613,2.0800,2.7500
31.01.2014 00:11:10.292,1.47812,1.47612,2.7300,2.3600
31.01.2014 00:11:11.676,1.47814,1.47614,1.8500,2.8400
31.01.2014 00:11:12.958,1.47813,1.47613,1.2100,2.6800
31.01.2014 00:11:14.361,1.47812,1.47612,1.6400,2.0300
31.01.2014 00:11:15.774,1.47813,1.47613,2.0000,2.3400
31.01.2014 00:11:17.204,1.47813,1.47613,1.0100,2.6400
31.01.2014 00:11:18.539,1.47812,1.47612,2.0600,1.9700
31.01.2014 00:11:19.960,1.47814,1.47614,1.7000,2.4000
31.01.2014 00:11:21.251,1.47816,1.47616,1.2900,1.2000
31.01.2014 00:11:22.625,1.47814,1.47614,2.3800,2.5500
31.01.2014 00:11:23.984,1.47815,1.47615,1.2500,1.0100
31.01.2014 00:11:25.420,1.47815,1.47615,1.2600,1.3500
31.01.2014 00:11:26.844,1.47811,1.47611,2.1600,1.7300
31.01.2014 00:11:28.354,1.47808,1.47608,2.8300,1.7000
31.01.2014 00:11:29.860,1.47810,1.47610,1.4500,2.7400
31.01.2014 00:11:31.024,1.47811,1.47611,2.7700,2.0100
31.01.2014 00:11:32.479,1.47808,1.47608,2.1000,2.5900
31.01.2014 00:11:34.008,1.47808,1.47608,1.7400,1.6700
31.01.2014 00:11:35.422,1.47808,1.47608,1.3300,2.8600
31.01.2014 00:11:36.821,1.47808,1.47608,1.5400,1.9100
31.01.2014 00:11:38.205,1.47807,1.47607,2.6400,2.1000
31.01.2014 00:11:39.623,1.47807,1.47607,1.3400,2.8600
31.01.2014 00:11:40.991,1.47805,1.47605,2.8500,1.2900
31.01.2014 00:11:42.402,1.47804,1.47604,2.4600,1.9700
31.01.2014 00:11:43.660,1.47805,1.47605,1.5800,2.5200
31.01.2014 00:11:44.923,1.47808,1.47608,1.5600,1.5500
31.01.2014 00:11:46.314,1.47809,1.47609,1.5800,2.4700
31.01.2014 00:11:47.604,1.47809,1.47609,2.0700,1.4700
31.01.2014 00:11:48.995,1.47807,1.47607,1.8600,1.6900
31.01.2014 00:11:50.342,1.47809,1.47609,2.5300,2.5600
31.01.2014 00:11:51.653,1.47809,1.47609,1.3500,2.7900
31.01.2014 00:11:52.892,1.47810,1.47610,1.6600,2.4600
31.01.2014 00:11:54.508,1.47807,1.47607,1.6300,1.8300
31.01.2014 00:11:55.877,1.47808,1.47608,2.2400,1.0200
31.01.2014 00:11:57.174,1.47809,1.47609,2.9400,1.5600
31.01.2014 00:11:58.355,1.47808,1.47608,2.8300,1.9300
31.01.2014 00:11:59.644,1.47808,1.47608,2.6800,2.6300
31.01.2014 00:12:01.025,1.47810,1.47610,2.3000,2.0700
31.01.2014 00:12:02.443,1.47812,1.47612,2.3300,2.7100
31.01.2014 00:12:03.872,1.47813,1.47613,2.2900,2.3000
31.01.2014 00:12:05.378,1.47815,1.47615,1.9000,1.0000
31.01.2014 00:12:06.861,1.47814,1.47614,1.9800,2.1400
31.01.2014 00:12:08.158,1.47811,1.47611,2.7700,1.3000
31.01.2014 00:12:09.557,1.47812,1.47612,1.5700,2.4200
31.01.2014 00:12:10.981,1.47812,1.47612,1.2500,1.2800
31.01.2014 00:12:12.333,1.47811,1.47611,1.6100,1.2700
31.01.2014 00:12:13.840,1.47810,1.47610,2.3800,1.6200
31.01.2014 00:12:15.129,1.47809,1.47609,2.9400,2.1200
31.01.2014 00:12:16.450,1.47811,1.47611,2.2200,2.7500
31.01.2014 00:12:17.884,1.47813,1.47613,1.2900,2.9200
31.01.2014 00:12:19.376,1.47817,1.47617,1.7700,1.5100
31.01.2014 00:12:20.778,1.47820,1.47620,1.2700,1.3900
31.01.2014 00:12:22.131,1.47818,1.47618,2.0200,2.1700
31.01.2014 00:12:23.496,1.47816,1.47616,2.1900,2.5900
31.01.2014 00:12:24.899,1.47816,1.47616,1.3000,1.1100
31.01.2014 00:12:26.084,1.47814,1.47614,1.8400,2.7000
31.01.2014 00:12:27.484,1.47816,1.47616,2.3500,2.9500
31.01.2014 00:12:28.764,1.47816,1.47616,2.0900,1.5800
31.01.2014 00:12:30.174,1.47819,1.47619,2.7500,1.4900
31.01.2014 00:12:31.512,1.47820,1.47620,2.4100,2.7800
31.01.2014 00:12:32.894,1.47821,1.47621,1.6900,2.0300
31.01.2014 00:12:34.291,1.47822,1.47622,2.6400,2.4900
31.01.2014 00:12:35.707,1.47822,1.47622,2.6200,1.8800
31.01.2014 00:12:37.092,1.47822,1.47622,2.7400,2.7000
31.01.2014 00:12:38.395,1.47823,1.47623,2.4200,1.5500
31.01.2014 00:12:39.792,1.47826,1.47626,1.1500,2.3100
31.01.2014 00:12:41.105,1.47826,1.47626,2.2200,1.2000
31.01.2014 00:12:42.638,1.47824,1.47624,1.6800,1.2700
31.01.2014 00:12:44.169,1.47825,1.47625,2.6400,1.4300
31.01.2014 00:12:45.618,1.47829,1.47629,2.8400,2.2200
31.01.2014 00:12:47.138,1.47829,1.47629,1.5000,1.0400
31.01.2014 00:12:48.665,1.47828,1.47628,1.9900,1.9400
31.01.2014 00:12:49.993,1.47827,1.47627,1.0000,1.5200
31.01.2014 00:12:51.261,1.47826,1.47626,2.5900,2.8800
31.01.2014 00:12:52.605,1.47826,1.47626,1.0700,1.1000
31.01.2014 00:12:54.234,1.47828,1.47628,1.6000,2.3500
31.01.2014 00:12:55.685,1.47827,1.47627,1.9900,2.5300
31.01.2014 00:12:57.083,1.47826,1.47626,1.3000,1.6400
31.01.2014 00:12:58.470,1.47826,1.47626,1.8400,2.0600
31.01.2014 00:12:59.877,1.47825,1.47625,1.7300,1.8400
31.01.2014 00:13:01.392,1.47827,1.47627,2.9200,2.5900
31.01.2014 00:13:02.732,1.47826,1.47626,2.3800,1.6000
31.01.2014 00:13:04.160,1.47824,1.47624,2.5900,1.5000
31.01.2014 00:13:05.640,1.47821,1.47621,1.5100,1.6500
31.01.2014 00:13:06.842,1.47821,1.47621,1.6200,1.8900
31.01.2014 00:13:08.300,1.47821,1.47621,2.1000,1.2700
31.01.2014 00:13:09.609,1.47820,1.47620,1.2400,2.2700
31.01.2014 00:13:10.887,1.47821,1.47621,2.5200,1.8700
31.01.2014 00:13:12.303,1.47820,1.47620,1.7700,1.6600
31.01.2014 00:13:13.742,1.47817,1.47617,1.3000,2.0400
31.01.2014 00:13:15.084,1.47818,1.47618,2.1100,2.6100
31.01.2014 00:13:16.518,1.47821,1.47621,2.0100,1.3400
31.01.2014 00:13:17.828,1.47820,1.47620,2.7000,1.9000
31.01.2014 00:13:19.188,1.47819,1.47619,2.7200,2.0500
31.01.2014 00:13:20.612,1.47821,1.47621,2.0800,2.4900
31.01.2014 00:13:21.993,1.47821,1.47621,2.2000,2.8800
31.01.2014 00:13:23.436,1.47818,1.47618,2.1800,2.6300
31.01.2014 00:13:24.807,1.47818,1.47618,1.1400,1.9900
31.01.2014 00:13:26.117,1.47818,1.47618,2.3300,1.1500
31.01.2014 00:13:27.601,1.47815,1.47615,1.7600,1.2900
31.01.2014 00:13:28.912,1.47813,1.47613,2.9700,2.4400
31.01.2014 00:13:30.461,1.47812,1.47612,2.9300,1.1900
31.01.2014 00:13:31.853,1.47813,1.47613,1.2900,1.0200
31.01.2014 00:13:33.205,1.47812,1.47612,1.6700,2.9300
31.01.2014 00:13:34.517,1.47811,1.47611,1.1300,1.1900
31.01.2014 00:13:35.902,1.47810,1.47610,1.6900,1.7100
31.01.2014 00:13:37.421,1.47809,1.47609,1.3300,2.1600
31.01.2014 00:13:38.937,1.47813,1.47613,1.8400,2.3600
31.01.2014 00:13:40.321,1.47812,1.47612,1.3200,2.3500
31.01.2014 00:13:41.573,1.47815,1.47615,1.8700,2.4000
31.01.2014 00:13:43.039,1.47812,1.47612,1.3500,1.5000
31.01.2014 00:13:44.447,1.47812,1.47612,1.5100,1.4300
31.01.2014 00:13:45.910,1.47813,1.47613,1.8800,1.7800
31.01.2014 00:13:47.245,1.47813,1.47613,1.3400,2.0300
31.01.2014 00:13:48.637,1.47813,1.47613,2.1100,2.8800
31.01.2014 00:13:50.086,1.47811,1.47611,1.3000,2.4100
31.01.2014 00:13:51.652,1.47807,1.47607,2.0500,2.4100
31.01.2014 00:13:53.093,1.47809,1.47609,1.8100,1.1000
31.01.2014 00:13:54.472,1.47810,1.47610,1.7200,2.9400
31.01.2014 00:13:55.922,1.47808,1.47608,1.6900,2.6700
31.01.2014 00:13:57.125,1.47808,1.47608,2.8700,1.7400
31.01.2014 00:13:58.480,1.47809,1.47609,2.8500,1.1600
31.01.2014 00:14:00.025,1.47809,1.47609,3.0000,2.9800
31.01.2014 00:14:01.351,1.47810,1.47610,1.4000,1.7200
31.01.2014 00:14:02.657,1.47811,1.47611,2.8600,1.9700
31.01.2014 00:14:03.979,1.47814,1.47614,1.6400,1.1300
31.01.2014 00:14:05.478,1.47815,1.47615,2.1100,2.1800
31.01.2014 00:14:06.788,1.47817,1.47617,1.6000,1.4700
31.01.2014 00:14:08.386,1.47819,1.47619,1.3700,2.6100
31.01.2014 00:14:09.934,1.47822,1.47622,1.9800,1.2300
31.01.2014 00:14:11.308,1.47821,1.47621,2.2200,1.9200
31.01.2014 00:14:12.457,1.47820,1.47620,1.2200,1.9800
31.01.2014 00:14:13.814,1.47823,1.47623,2.3900,1.6800
31.01.2014 00:14:15.232,1.47821,1.47621,1.7900,1.4500
31.01.2014 00:14:16.433,1.47821,1.47621,2.4200,2.9400
31.01.2014 00:14:17.783,1.47823,1.47623,2.1100,1.2000
31.01.2014 00:14:19.189,1.47824,1.47624,2.8200,2.0700
31.01.2014 00:14:20.658,1.47822,1.47622,1.7000,2.4900
31.01.2014 00:14:22.155,1.47820,1.47620,1.0200,2.6600
31.01.2014 00:14:23.576,1.47820,1.47620,2.2900,1.9600
31.01.2014 00:14:24.903,1.47819,1.47619,1.9300,1.7700
31.01.2014 00:14:26.250,1.47819,1.47619,1.9100,2.8400
31.01.2014 00:14:27.645,1.47820,1.47620,2.0400,2.4800
31.01.2014 00:14:29.156,1.47817,1.47617,2.8500,1.1900
31.01.2014 00:14:30.352,1.47817,1.47617,1.5800,1.2700
31.01.2014 00:14:31.808,1.47820,1.47620,1.7500,1.8800
31.01.2014 00:14:33.122,1.47818,1.47618,1.4500,1.1000
31.01.2014 00:14:34.391,1.47817,1.47617,2.4800,2.3300
31.01.2014 00:14:35.783,1.47820,1.47620,1.7700,2.5600
31.01.2014 00:14:37.270,1.47821,1.47621,2.0100,1.3800
31.01.2014 00:14:38.576,1.47822,1.47622,1.5200,2.7100
31.01.2014 00:14:39.902,1.47823,1.47623,1.8700,2.9600
31.01.2014 00:14:41.199,1.47826,1.47626,2.9600,1.3700
31.01.2014 00:14:42.397,1.47825,1.47625,1.4800,2.2300
31.01.2014 00:14:43.772,1.47824,1.47624,1.3800,1.2000
31.01.2014 00:14:45.230,1.47824,1.47624,2.5500,1.9900
31.01.2014 00:14:46.507,1.47825,1.47625,2.8300,2.8000
31.01.2014 00:14:47.930,1.47828,1.47628,2.3500,2.8300
31.01.2014 00:14:49.350,1.47827,1.47627,1.8900,2.4800
31.01.2014 00:14:50.840,1.47829,1.47629,2.5700,1.6200
31.01.2014 00:14:52.056,1.47830,1.47630,1.2700,1.8300
31.01.2014 00:14:53.479,1.47829,1.47629,2.8900,1.5700
31.01.2014 00:14:54.605,1.47831,1.47631,1.2200,2.7500
31.01.2014 00:14:55.987,1.47832,1.47632,1.4300,1.9100
31.01.2014 00:14:57.139,1.47831,1.47631,1.5500,1.4400
31.01.2014 00:14:58.500,1.47834,1.47634,1.0900,2.5200
31.01.2014 00:14:59.904,1.47833,1.47633,2.6800,1.5200
31.01.2014 00:15:01.383,1.47831,1.47631,1.8700,2.7500
31.01.2014 00:15:02.726,1.47832,1.47632,1.0600,2.3500
31.01.2014 00:15:04.001,1.47834,1.47634,2.1600,1.2300
31.01.2014 00:15:05.370,1.47835,1.47635,1.2000,1.1000
31.01.2014 00:15:06.650,1.47835,1.47635,2.5100,1.4000
31.01.2014 00:15:08.106,1.47834,1.47634,2.3800,2.3400
31.01.2014 00:15:09.595,1.47831,1.47631,1.1700,2.5400
31.01.2014 00:15:11.198,1.47830,1.47630,1.9000,2.8200
31.01.2014 00:15:12.417,1.47830,1.47630,1.6600,1.1700
31.01.2014 00:15:13.870,1.47831,1.47631,1.9100,2.3200
31.01.2014 00:15:15.101,1.47832,1.47632,2.2200,2.2900
31.01.2014 00:15:16.581,1.47832,1.47632,1.5800,2.9300
31.01.2014 00:15:18.006,1.47833,1.47633,1.7700,2.5200
31.01.2014 00:15:19.456,1.47833,1.47633,1.2000,2.8300
31.01.2014 00:15:20.892,1.47834,1.47634,1.8900,1.3000
31.01.2014 00:15:22.389,1.47834,1.47634,2.1400,1.9100
31.01.2014 00:15:23.901,1.47833,1.47633,1.8200,1.4400
31.01.2014 00:15:25.368,1.47835,1.47635,2.5500,1.3900
31.01.2014 00:15:26.688,1.47836,1.47636,2.1800,1.2100
31.01.2014 00:15:27.982,1.47832,1.47632,2.0200,2.1100
31.01.2014 00:15:29.338,1.47830,1.47630,1.7500,2.6000
31.01.2014 00:15:30.679,1.47830,1.47630,2.1000,1.9800
31.01.2014 00:15:32.024,1.47832,1.47632,1.3400,1.7700
31.01.2014 00:15:33.405,1.47833,1.47633,2.5000,2.8700
31.01.2014 00:15:34.832,1.47830,1.47630,1.2400,1.7600
31.01.2014 00:15:36.176,1.47829,1.47629,2.7100,2.7100
31.01.2014 00:15:37.537,1.47827,1.47627,2.6000,2.1000
31.01.2014 00:15:38.877,1.47825,1.47625,2.0100,1.3600
31.01.2014 00:15:40.386,1.47828,1.47628,2.6300,2.7300
31.01.2014 00:15:41.726,1.47831,1.47631,1.0100,2.9700
31.01.2014 00:15:43.143,1.47830,1.47630,1.9100,2.9200
31.01.2014 00:15:44.569,1.47832,1.47632,2.3300,1.0500
31.01.2014 00:15:45.962,1.47833,1.47633,2.6500,2.3300
31.01.2014 00:15:47.353,1.47832,1.47632,1.4800,2.2100
31.01.2014 00:15:48.681,1.47834,1.47634,1.6800,1.7400
31.01.2014 00:15:49.884,1.47833,1.47633,2.2800,2.9300
31.01.2014 00:15:51.218,1.47833,1.47633,1.7400,1.8400
31.01.2014 00:15:52.620,1.47834,1.47634,2.0500,1.9300
31.01.2014 00:15:54.087,1.47834,1.47634,1.4600,1.2600
31.01.2014 00:15:55.482,1.47834,1.47634,2.1800,1.7900
31.01.2014 00:15:56.835,1.47832,1.47632,2.5700,1.3700
31.01.2014 00:15:58.239,1.47834,1.47634,2.0800,2.7800
31.01.2014 00:15:59.758,1.47835,1.47635,2.0700,2.2300
31.01.2014 00:16:01.174,1.47835,1.47635,1.7900,2.9400
31.01.2014 00:16:02.460,1.47835,1.47635,2.2900,1.2600
31.01.2014 00:16:03.961,1.47835,1.47635,1.7000,2.0500
31.01.2014 00:16:05.535,1.47837,1.47637,2.7400,2.1600
31.01.2014 00:16:06.918,1.47840,1.47640,2.5800,2.3100
31.01.2014 00:16:08.278,1.47839,1.47639,2.5000,2.3800
31.01.2014 00:16:09.838,1.47839,1.47639,2.3700,2.9900
31.01.2014 00:16:11.355,1.47841,1.47641,2.0300,1.1300
31.01.2014 00:16:12.790,1.47840,1.47640,1.4700,2.3800
31.01.2014 00:16:14.294,1.47841,1.47641,1.3800,2.7300
31.01.2014 00:16:15.707,1.47840,1.47640,2.9400,2.0600
31.01.2014 00:16:17.228,1.47838,1.47638,1.2700,2.6300
31.01.2014 00:16:18.573,1.47839,1.47639,1.5800,2.1600
31.01.2014 00:16:20.118,1.47838,1.47638,1.0100,2.9600
31.01.2014 00:16:21.598,1.47837,1.47637,1.6100,1.4900
31.01.2014 00:16:23.048,1.47842,1.47642,1.2100,2.7200
31.01.2014 00:16:24.337,1.47842,1.47642,2.3900,2.9800
31.01.2014 00:16:25.685,1.47840,1.47640,1.9600,1.4900
31.01.2014 00:16:27.156,1.47839,1.47639,2.2800,2.8300
31.01.2014 00:16:28.512,1.47839,1.47639,2.5300,1.1300
31.01.2014 00:16:29.977,1.47840,1.47640,1.1000,2.5300
31.01.2014 00:16:31.509,1.47841,1.47641,2.8300,1.3400
31.01.2014 00:16:32.990,1.47842,1.47642,2.8800,1.0600
31.01.2014 00:16:34.410,1.47843,1.47643,1.1300,1.3800
31.01.2014 00:16:35.791,1.47842,1.47642,1.4600,1.2300
31.01.2014 00:16:37.176,1.47841,1.47641,1.5300,2.2200
31.01.2014 00:16:38.619,1.47842,1.47642,2.7200,1.5100
31.01.2014 00:16:40.008,1.47842,1.47642,1.0500,2.7700
31.01.2014 00:16:41.333,1.47843,1.47643,1.2200,1.2200
31.01.2014 00:16:42.627,1.47845,1.47645,2.0400,1.5500
31.01.2014 00:16:44.230,1.47843,1.47643,2.8600,1.4500
31.01.2014 00:16:45.826,1.47842,1.47642,2.0800,2.8200
31.01.2014 00:16:47.221,1.47844,1.47644,1.9800,1.4000
31.01.2014 00:16:48.565,1.47842,1.47642,1.1300,2.0500
31.01.2014 00:16:49.959,1.47842,1.47642,2.0300,1.8900
31.01.2014 00:16:51.490,1.47841,1.47641,1.5000,1.1400
31.01.2014 00:16:52.971,1.47842,1.47642,2.8500,1.3300
31.01.2014 00:16:54.411,1.47842,1.47642,1.6300,2.8300
31.01.2014 00:16:55.733,1.47842,1.47642,1.0600,1.5800
31.01.2014 00:16:57.200,1.47842,1.47642,1.5400,1.3800
31.01.2014 00:16:58.532,1.47842,1.47642,2.6500,1.9800
31.01.2014 00:16:59.896,1.47843,1.47643,2.4400,1.0400
31.01.2014 00:17:01.292,1.47843,1.47643,1.4400,2.1200
31.01.2014 00:17:02.790,1.47846,1.47646,1.4800,2.4900
31.01.2014 00:17:04.234,1.47847,1.47647,1.1200,1.5300
31.01.2014 00:17:05.690,1.47849,1.47649,2.2400,1.3600
31.01.2014 00:17:06.924,1.47848,1.47648,1.5200,2.8200
31.01.2014 00:17:08.428,1.47846,1.47646,1.9800,2.7500
31.01.2014 00:17:09.695,1.47849,1.47649,2.5400,2.5600
31.01.2014 00:17:11.268,1.47849,1.47649,2.4900,1.4100
31.01.2014 00:17:12.808,1.47847,1.47647,2.0200,2.0200
31.01.2014 00:17:14.209,1.47847,1.47647,2.8500,1.5500
31.01.2014 00:17:15.671,1.47848,1.47648,1.6600,2.5700
31.01.2014 00:17:17.205,1.47847,1.47647,2.1900,2.3500
31.01.2014 00:17:18.515,1.47844,1.47644,1.7100,1.6600
31.01.2014 00:17:19.911,1.47841,1.47641,1.2700,2.0500
31.01.2014 00:17:21.348,1.47838,1.47638,2.5700,1.7200
31.01.2014 00:17:22.703,1.47839,1.47639,1.9400,1.7000
31.01.2014 00:17:24.182,1.47841,1.47641,3.0000,1.2400
31.01.2014 00:17:25.663,1.47841,1.47641,2.6500,1.1100
31.01.2014 00:17:27.176,1.47838,1.47638,2.2100,2.9600
31.01.2014 00:17:28.736,1.47838,1.47638,1.4600,1.3900
31.01.2014 00:17:30.100,1.47839,1.47639,2.4300,1.1200
31.01.2014 00:17:31.380,1.47841,1.47641,1.3500,2.9300
31.01.2014 00:17:32.697,1.47843,1.47643,2.0900,1.8500
31.01.2014 00:17:33.956,1.47846,1.47646,1.4200,1.3500
31.01.2014 00:17:35.385,1.47846,1.47646,2.2600,1.9800
31.01.2014 00:17:36.791,1.47846,1.47646,1.4200,2.9500
31.01.2014 00:17:38.252,1.47846,1.47646,2.7200,2.9500
31.01.2014 00:17:39.548,1.47844,1.47644,1.8100,2.3200
31.01.2014 00:17:41.093,1.47842,1.47642,2.2100,2.6200
31.01.2014 00:17:42.258,1.47843,1.47643,2.2300,2.9200
31.01.2014 00:17:43.672,1.47844,1.47644,2.3700,1.7000
31.01.2014 00:17:44.988,1.47842,1.47642,1.4100,1.6900
31.01.2014 00:17:46.328,1.47842,1.47642,1.8900,1.3000
31.01.2014 00:17:47.656,1.47841,1.47641,1.4600,1.0300
31.01.2014 00:17:49.045,1.47843,1.47643,1.9100,2.8400
31.01.2014 00:17:50.305,1.47843,1.47643,2.9700,1.0800
31.01.2014 00:17:51.789,1.47846,1.47646,2.7600,2.6400
31.01.2014 00:17:53.152,1.47844,1.47644,1.2000,1.4300
31.01.2014 00:17:54.386,1.47846,1.47646,1.6200,1.0000
31.01.2014 00:17:55.738,1.47846,1.47646,1.8500,2.1000
31.01.2014 00:17:57.081,1.47847,1.47647,2.7800,1.1300
31.01.2014 00:17:58.457,1.47848,1.47648,2.6200,2.2600
31.01.2014 00:17:59.647,1.47850,1.47650,1.3400,2.8200
31.01.2014 00:18:01.089,1.47851,1.47651,1.5000,2.0200
31.01.2014 00:18:02.460,1.47851,1.47651,2.4300,2.7600
31.01.2014 00:18:03.863,1.47853,1.47653,1.3500,2.4000
31.01.2014 00:18:05.202,1.47852,1.47652,1.4500,1.9900
31.01.2014 00:18:06.506,1.47852,1.47652,1.7100,2.3800
31.01.2014 00:18:07.863,1.47854,1.47654,1.0400,2.5300
31.01.2014 00:18:09.163,1.47855,1.47655,1.6800,1.0200
31.01.2014 00:18:10.421,1.47855,1.47655,1.5900,1.3400
31.01.2014 00:18:11.724,1.47856,1.47656,2.8600,2.9200
31.01.2014 00:18:13.055,1.47856,1.47656,1.9800,1.7800
31.01.2014 00:18:14.481,1.47857,1.47657,1.0300,2.4600
31.01.2014 00:18:15.797,1.47858,1.47658,1.3900,2.0200
31.01.2014 00:18:17.093,1.47858,1.47658,1.0700,2.4800
31.01.2014 00:18:18.454,1.47856,1.47656,1.3400,1.5300
31.01.2014 00:18:19.870,1.47856,1.47656,2.7900,2.4400
31.01.2014 00:18:21.345,1.47857,1.47657,2.2700,1.0900
31.01.2014 00:18:22.815,1.47858,1.47658,1.6400,2.9700
31.01.2014 00:18:24.275,1.47858,1.47658,1.2600,2.2100
31.01.2014 00:18:25.767,1.47859,1.47659,1.2600,1.9300
31.01.2014 00:18:27.254,1.47859,1.47659,1.4500,1.4800
31.01.2014 00:18:28.644,1.47859,1.47659,1.5300,2.7700
31.01.2014 00:18:30.156,1.47858,1.47658,2.6900,2.4100
31.01.2014 00:18:31.450,1.47858,1.47658,1.7500,2.0300
31.01.2014 00:18:32.939,1.47858,1.47658,2.2900,1.6900
31.01.2014 00:18:34.301,1.47858,1.47658,2.9500,2.2600
31.01.2014 00:18:35.755,1.47858,1.47658,1.2500,2.3600
31.01.2014 00:18:37.208,1.47858,1.47658,1.5900,1.9500
31.01.2014 00:18:38.651,1.47855,1.47655,2.7200,2.5800
31.01.2014 00:18:39.917,1.47856,1.47656,2.9100,1.9400
31.01.2014 00:18:41.183,1.47855,1.47655,2.4800,3.0000
31.01.2014 00:18:42.596,1.47856,1.47656,1.7200,2.3200
31.01.2014 00:18:43.933,1.47853,1.47653,2.8500,2.5500
31.01.2014 00:18:45.146,1.47851,1.47651,2.8600,1.6700
31.01.2014 00:18:46.401,1.47849,1.47649,2.0100,2.3300
31.01.2014 00:18:47.669,1.47848,1.47648,1.7800,2.1700
31.01.2014 00:18:49.037,1.47849,1.47649,2.5900,2.4800
31.01.2014 00:18:50.390,1.47851,1.47651,1.8500,1.4200
31.01.2014 00:18:51.749,1.47850,1.47650,1.0300,2.7900
31.01.2014 00:18:53.098,1.47852,1.47652,1.7200,2.5900
31.01.2014 00:18:54.336,1.47852,1.47652,2.8600,1.2600
31.01.2014 00:18:55.830,1.47852,1.47652,1.9500,2.4000
31.01.2014 00:18:57.125,1.47851,1.47651,2.9100,2.3200
31.01.2014 00:18:58.439,1.47851,1.47651,2.7000,1.3800
31.01.2014 00:18:59.770,1.47852,1.47652,2.4600,2.4800
31.01.2014 00:19:01.161,1.47850,1.47650,1.5500,1.6500
31.01.2014 00:19:02.640,1.47848,1.47648,2.6100,1.8600
31.01.2014 00:19:04.181,1.47849,1.47649,1.6400,2.9100
31.01.2014 00:19:05.294,1.47851,1.47651,2.7500,2.9600
31.01.2014 00:19:06.709,1.47851,1.47651,1.0100,1.2900
31.01.2014 00:19:08.018,1.47850,1.47650,1.8600,1.1400
31.01.2014 00:19:09.253,1.47850,1.47650,1.8300,1.2600
31.01.2014 00:19:10.617,1.47849,1.47649,2.1700,2.1900
31.01.2014 00:19:11.960,1.47850,1.47650,2.6500,2.3700
31.01.2014 00:19:13.370,1.47849,1.47649,1.6600,1.4500
31.01.2014 00:19:14.672,1.47845,1.47645,1.0100,1.5800
31.01.2014 00:19:16.002,1.47843,1.47643,1.4000,2.9700
31.01.2014 00:19:17.389,1.47845,1.47645,1.2300,2.1400
31.01.2014 00:19:18.772,1.47844,1.47644,2.8300,2.5200
31.01.2014 00:19:20.081,1.47844,1.47644,2.3600,1.6400
31.01.2014 00:19:21.491,1.47846,1.47646,2.8800,2.1200
31.01.2014 00:19:22.862,1.47847,1.47647,1.2700,1.5300
31.01.2014 00:19:24.333,1.47846,1.47646,2.0100,2.7100
31.01.2014 00:19:25.750,1.47846,1.47646,1.7100,2.9800
31.01.2014 00:19:27.137,1.47845,1.47645,2.2700,2.7000
31.01.2014 00:19:28.513,1.47844,1.47644,1.3700,1.7600
31.01.2014 00:19:29.835,1.47845,1.47645,2.9700,2.7200
31.01.2014 00:19:31.269,1.47845,1.47645,1.2100,1.0200
31.01.2014 00:19:32.673,1.47846,1.47646,2.4000,1.3900
31.01.2014 00:19:34.136,1.47847,1.47647,2.7300,1.1300
31.01.2014 00:19:35.395,1.47847,1.47647,2.5200,1.5300
31.01.2014 00:19:36.896,1.47847,1.47647,2.3000,1.6600
31.01.2014 00:19:38.331,1.47848,1.47648,1.1700,1.7800
31.01.2014 00:19:39.518,1.47848,1.47648,2.7700,1.2700
31.01.2014 00:19:40.817,1.47849,1.47649,1.9100,2.1800
31.01.2014 00:19:42.260,1.47847,1.47647,2.2300,2.5800
31.01.2014 00:19:43.669,1.47848,1.47648,2.9000,2.2000
31.01.2014 00:19:44.972,1.47852,1.47652,2.1600,2.4800
31.01.2014 00:19:46.519,1.47850,1.47650,1.0100,2.8900
31.01.2014 00:19:48.092,1.47850,1.47650,2.9200,1.7100
31.01.2014 00:19:49.563,1.47850,1.47650,1.3900,2.0300
31.01.2014 00:19:50.946,1.47850,1.47650,1.8100,2.5200
31.01.2014 00:19:52.293,1.47851,1.47651,1.9300,2.5900
31.01.2014 00:19:53.952,1.47849,1.47649,2.7600,2.6600
31.01.2014 00:19:55.510,1.47849,1.47649,2.4000,2.8200
31.01.2014 00:19:56.860,1.47851,1.47651,1.4200,2.3700
31.01.2014 00:19:58.295,1.47852,1.47652,2.5200,2.6700
31.01.2014 00:19:59.842,1.47849,1.47649,1.4300,2.3400
31.01.2014 00:20:01.186,1.47850,1.47650,2.4800,2.3700
31.01.2014 00:20:02.786,1.47853,1.47653,1.4400,1.0100
31.01.2014 00:20:04.084,1.47853,1.47653,2.5700,2.1900
31.01.2014 00:20:05.528,1.47851,1.47651,1.9500,1.4900
31.01.2014 00:20:06.893,1.47850,1.47650,1.7000,2.2100
31.01.2014 00:20:08.439,1.47849,1.47649,2.7700,1.9500
31.01.2014 00:20:09.766,1.47849,1.47649,1.8400,2.8600
31.01.2014 00:20:10.905,1.47852,1.47652,1.2500,1.7500
31.01.2014 00:20:12.465,1.47854,1.47654,2.6700,1.5200
31.01.2014 00:20:13.765,1.47853,1.47653,2.4900,1.8700
31.01.2014 00:20:15.094,1.47853,1.47653,2.4400,1.0500
31.01.2014 00:20:16.663,1.47852,1.47652,2.9100,1.5500
31.01.2014 00:20:18.048,1.47851,1.47651,2.3200,2.3300
31.01.2014 00:20:19.279,1.47848,1.47648,2.0100,1.7700
31.01.2014 00:20:20.750,1.47845,1.47645,2.0900,1.9300
31.01.2014 00:20:22.029,1.47844,1.47644,1.8900,1.7800
31.01.2014 00:20:23.203,1.47845,1.47645,1.2700,2.7100
31.01.2014 00:20:24.790,1.47844,1.47644,1.2500,2.1900
31.01.2014 00:20:26.201,1.47842,1.47642,1.3100,1.8700
31.01.2014 00:20:27.490,1.47841,1.47641,2.6100,1.0300
31.01.2014 00:20:28.928,1.47841,1.47641,2.9600,2.5300
31.01.2014 00:20:30.083,1.47843,1.47643,2.3100,2.5800
31.01.2014 00:20:31.284,1.47843,1.47643,2.0000,2.6000
31.01.2014 00:20:32.583,1.47841,1.47641,1.6000,2.0900
31.01.2014 00:20:33.958,1.47842,1.47642,2.1100,1.8700
31.01.2014 00:20:35.357,1.47843,1.47643,2.5100,1.6400
31.01.2014 00:20:36.693,1.47840,1.47640,1.6900,2.9600
31.01.2014 00:20:38.088,1.47840,1.47640,1.2100,2.8700
31.01.2014 00:20:39.565,1.47840,1.47640,1.4100,1.7300
31.01.2014 00:20:40.837,1.47839,1.47639,2.5600,1.1900
31.01.2014 00:20:42.234,1.47840,1.47640,1.8500,2.0700
31.01.2014 00:20:43.719,1.47843,1.47643,1.9200,2.5800
31.01.2014 00:20:44.987,1.47843,1.47643,1.6200,1.7300
31.01.2014 00:20:46.371,1.47841,1.47641,1.5300,2.7600
31.01.2014 00:20:47.821,1.47840,1.47640,1.5700,2.5100
31.01.2014 00:20:49.174,1.47844,1.47644,2.4600,2.8900
31.01.2014 00:20:50.667,1.47846,1.47646,1.4900,1.8200
31.01.2014 00:20:52.071,1.47846,1.47646,1.2200,2.3100
31.01.2014 00:20:53.502,1.47846,1.47646,1.5000,2.8300
31.01.2014 00:20:54.893,1.47843,1.47643,1.9000,1.0100
31.01.2014 00:20:56.194,1.47844,1.47644,1.1800,2.7100
31.01.2014 00:20:57.444,1.47843,1.47643,2.2500,2.1100
31.01.2014 00:20:58.869,1.47843,1.47643,1.7800,1.7600
31.01.2014 00:21:00.213,1.47845,1.47645,1.5900,1.2600
31.01.2014 00:21:01.578,1.47847,1.47647,1.5400,2.6000
31.01.2014 00:21:02.944,1.47848,1.47648,2.2700,2.6100
31.01.2014 00:21:04.549,1.47850,1.47650,1.1500,1.3300
31.01.2014 00:21:05.917,1.47851,1.47651,2.0800,1.9000
31.01.2014 00:21:07.427,1.47852,1.47652,1.7500,2.3500
31.01.2014 00:21:08.857,1.47852,1.47652,2.4000,1.8800
31.01.2014 00:21:10.238,1.47851,1.47651,1.1100,1.4400
31.01.2014 00:21:11.726,1.47851,1.47651,2.5900,1.2100
31.01.2014 00:21:13.242,1.47851,1.47651,1.4100,2.5000
31.01.2014 00:21:14.667,1.47851,1.47651,1.0800,2.8500
31.01.2014 00:21:16.297,1.47847,1.47647,2.4700,1.4600
31.01.2014 00:21:17.661,1.47846,1.47646,1.1800,2.9900
31.01.2014 00:21:19.123,1.47846,1.47646,2.2000,2.4400
31.01.2014 00:21:20.616,1.47843,1.47643,2.1200,2.5300
31.01.2014 00:21:21.941,1.47842,1.47642,2.8100,1.1000
31.01.2014 00:21:23.126,1.47841,1.47641,2.3500,1.2500
31.01.2014 00:21:24.481,1.47842,1.47642,1.2000,2.2900
31.01.2014 00:21:25.837,1.47844,1.47644,2.9800,1.8000
31.01.2014 00:21:27.417,1.47844,1.47644,1.0100,1.5300
31.01.2014 00:21:28.815,1.47843,1.47643,1.1500,2.5400
31.01.2014 00:21:30.304,1.47843,1.47643,1.9500,2.0800
31.01.2014 00:21:31.619,1.47843,1.47643,2.3700,1.9400
31.01.2014 00:21:32.892,1.47843,1.47643,1.8900,2.5700
31.01.2014 00:21:34.298,1.47844,1.47644,1.8800,2.3600
31.01.2014 00:21:35.858,1.47845,1.47645,2.4800,1.7300
31.01.2014 00:21:37.221,1.47840,1.47640,1.6400,2.6000
31.01.2014 00:21:38.618,1.47841,1.47641,2.8200,1.6800
31.01.2014 00:21:40.159,1.47839,1.47639,1.3000,1.2300
31.01.2014 00:21:41.635,1.47838,1.47638,2.9700,1.1400
31.01.2014 00:21:43.093,1.47840,1.47640,2.5300,2.1000
31.01.2014 00:21:44.662,1.47839,1.47639,1.2900,2.1900
31.01.2014 00:21:46.001,1.47838,1.47638,2.7100,1.4800
31.01.2014 00:21:47.386,1.47840,1.47640,2.8500,2.6600
31.01.2014 00:21:48.836,1.47841,1.47641,1.4000,2.1000
31.01.2014 00:21:50.193,1.47843,1.47643,2.7700,1.9200
31.01.2014 00:21:51.779,1.47842,1.47642,2.9800,1.4500
31.01.2014 00:21:53.306,1.47842,1.47642,2.3700,2.8400
31.01.2014 00:21:54.750,1.47845,1.47645,2.9500,1.1900
31.01.2014 00:21:56.178,1.47845,1.47645,1.2200,2.4600
31.01.2014 00:21:57.609,1.47844,1.47644,2.4900,1.8100
31.01.2014 00:21:59.023,1.47847,1.47647,1.8000,2.3900
31.01.2014 00:22:00.427,1.47847,1.47647,1.3100,1.5400
31.01.2014 00:22:01.699,1.47846,1.47646,1.2200,1.5400
31.01.2014 00:22:03.111,1.47843,1.47643,2.2900,1.5400
31.01.2014 00:22:04.288,1.47842,1.47642,1.6700,2.9600
31.01.2014 00:22:05.649,1.47843,1.47643,1.1200,1.7300
31.01.2014 00:22:07.032,1.47842,1.47642,2.6700,2.8000
31.01.2014 00:22:08.423,1.47843,1.47643,1.9800,1.4100
31.01.2014 00:22:09.616,1.47843,1.47643,1.5900,1.0100
31.01.2014 00:22:11.203,1.47844,1.47644,2.4900,1.6000
31.01.2014 00:22:12.640,1.47842,1.47642,1.8600,1.0800
31.01.2014 00:22:13.934,1.47841,1.47641,1.2600,2.2700
31.01.2014 00:22:15.450,1.47841,1.47641,2.0700,2.0200
31.01.2014 00:22:16.773,1.47840,1.47640,1.4400,1.9800
31.01.2014 00:22:18.180,1.47842,1.47642,2.5800,1.2200
31.01.2014 00:22:19.658,1.47841,1.47641,1.0500,1.2800
31.01.2014 00:22:21.076,1.47842,1.47642,2.0800,1.3500
31.01.2014 00:22:22.441,1.47844,1.47644,1.3000,2.4500
31.01.2014 00:22:23.798,1.47844,1.47644,2.7300,1.4900
31.01.2014 00:22:25.112,1.47843,1.47643,1.2600,1.9200
31.01.2014 00:22:26.523,1.47845,1.47645,1.2900,2.3500
31.01.2014 00:22:27.788,1.47843,1.47643,1.4300,1.2800
31.01.2014 00:22:29.279,1.47840,1.47640,2.8200,1.6200
31.01.2014 00:22:30.575,1.47837,1.47637,1.7200,2.3800
31.01.2014 00:22:31.985,1.47835,1.47635,2.8600,2.2800
31.01.2014 00:22:33.387,1.47837,1.47637,1.4500,2.4400
31.01.2014 00:22:34.870,1.47838,1.47638,2.5800,1.7100
31.01.2014 00:22:36.270,1.47837,1.47637,2.5100,2.9900
31.01.2014 00:22:37.791,1.47838,1.47638,2.6700,1.6800
31.01.2014 00:22:39.057,1.47842,1.47642,1.8100,2.5100
31.01.2014 00:22:40.506,1.47842,1.47642,2.0100,2.9300
31.01.2014 00:22:41.972,1.47841,1.47641,1.6700,1.8100
31.01.2014 00:22:43.181,1.47838,1.47638,2.0800,2.8400
31.01.2014 00:22:44.572,1.47837,1.47637,2.7400,2.2900
31.01.2014 00:22:45.942,1.47835,1.47635,2.5100,1.0300
31.01.2014 00:22:47.303,1.47836,1.47636,2.5200,2.2800
31.01.2014 00:22:48.817,1.47835,1.47635,1.0500,1.3700
31.01.2014 00:22:50.173,1.47838,1.47638,1.2900,2.9600
31.01.2014 00:22:51.737,1.47838,1.47638,1.9300,1.3000
31.01.2014 00:22:53.207,1.47840,1.47640,2.5300,2.3900
31.01.2014 00:22:54.559,1.47841,1.47641,2.8900,1.3600
31.01.2014 00:22:55.954,1.47839,1.47639,2.1300,2.1600
31.01.2014 00:22:57.227,1.47839,1.47639,1.0300,2.0300
31.01.2014 00:22:58.612,1.47838,1.47638,1.6200,2.8000
31.01.2014 00:23:00.177,1.47838,1.47638,2.4600,2.6000
31.01.2014 00:23:01.697,1.47837,1.47637,1.9000,1.6600
31.01.2014 00:23:03.126,1.47833,1.47633,1.4000,2.7300
31.01.2014 00:23:04.454,1.47835,1.47635,2.4900,1.9300
31.01.2014 00:23:05.953,1.47835,1.47635,1.2700,1.1100
31.01.2014 00:23:07.217,1.47834,1.47634,2.2800,2.9500
31.01.2014 00:23:08.699,1.47831,1.47631,1.7200,1.7700
31.01.2014 00:23:10.011,1.47830,1.47630,2.1700,1.5400
31.01.2014 00:23:11.503,1.47830,1.47630,1.1600,2.9700
31.01.2014 00:23:12.957,1.47830,1.47630,1.3800,2.2600
31.01.2014 00:23:14.515,1.47830,1.47630,2.1900,1.3600
31.01.2014 00:23:15.837,1.47829,1.47629,2.1900,2.1900
31.01.2014 00:23:17.111,1.47829,1.47629,1.3800,2.1100
31.01.2014 00:23:18.465,1.47827,1.47627,2.5200,1.2400
31.01.2014 00:23:19.925,1.47828,1.47628,1.7500,2.6600
31.01.2014 00:23:21.469,1.47831,1.47631,2.5100,2.2900
31.01.2014 00:23:22.891,1.47828,1.47628,2.1300,2.8600
31.01.2014 00:23:24.245,1.47829,1.47629,1.5100,2.4100
31.01.2014 00:23:25.581,1.47831,1.47631,1.6600,1.6600
31.01.2014 00:23:27.025,1.47833,1.47633,2.8800,2.7200
31.01.2014 00:23:28.464,1.47832,1.47632,1.0700,2.4600
31.01.2014 00:23:29.884,1.47834,1.47634,1.0400,1.4200
31.01.2014 00:23:31.286,1.47836,1.47636,2.1600,1.0400
31.01.2014 00:23:32.690,1.47834,1.47634,1.3600,1.4700
31.01.2014 00:23:34.180,1.47834,1.47634,2.9500,1.5500
31.01.2014 00:23:35.562,1.47837,1.47637,2.1900,1.3500
31.01.2014 00:23:37.179,1.47837,1.47637,1.2500,1.7800
31.01.2014 00:23:38.608,1.47837,1.47637,2.9000,1.0600
31.01.2014 00:23:40.112,1.47835,1.47635,2.5900,1.5100
31.01.2014 00:23:41.498,1.47835,1.47635,1.1000,1.2800
31.01.2014 00:23:42.911,1.47836,1.47636,1.5900,1.2300
31.01.2014 00:23:44.273,1.47834,1.47634,2.1100,1.1600
31.01.2014 00:23:45.605,1.47837,1.47637,2.9700,2.0600
31.01.2014 00:23:46.931,1.47837,1.47637,1.3600,1.1100
31.01.2014 00:23:48.204,1.47837,1.47637,1.5900,2.0800
31.01.2014 00:23:49.604,1.47836,1.47636,2.9300,2.8800
31.01.2014 00:23:50.915,1.47836,1.47636,2.9300,2.4600
31.01.2014 00:23:52.410,1.47837,1.47637,1.4800,2.8400
31.01.2014 00:23:53.765,1.47836,1.47636,2.9700,1.0900
31.01.2014 00:23:55.138,1.47836,1.47636,2.7000,2.8800
31.01.2014 00:23:56.584,1.47837,1.47637,1.3100,2.7700
31.01.2014 00:23:57.838,1.47839,1.47639,2.1600,2.0000
31.01.2014 00:23:59.122,1.47839,1.47639,2.2900,2.3700
31.01.2014 00:24:00.584,1.47837,1.47637,1.3700,2.7200
31.01.2014 00:24:01.863,1.47837,1.47637,2.3400,1.4000
31.01.2014 00:24:03.308,1.47836,1.47636,2.0700,1.7500
31.01.2014 00:24:04.767,1.47837,1.47637,1.2700,1.7800
31.01.2014 00:24:06.131,1.47837,1.47637,2.1800,2.7900
31.01.2014 00:24:07.572,1.47839,1.47639,1.6800,2.3500
31.01.2014 00:24:09.117,1.47838,1.47638,2.4500,2.8300
31.01.2014 00:24:10.766,1.47838,1.47638,2.1100,1.4200
31.01.2014 00:24:12.219,1.47837,1.47637,1.1000,2.8100
31.01.2014 00:24:13.539,1.47839,1.47639,2.7600,2.4400
31.01.2014 00:24:15.028,1.47840,1.47640,1.7000,2.2600
31.01.2014 00:24:16.563,1.47838,1.47638,1.2800,1.1200
31.01.2014 00:24:17.806,1.47837,1.47637,1.3700,2.6000
31.01.2014 00:24:19.261,1.47836,1.47636,1.7000,1.7600
31.01.2014 00:24:20.615,1.47837,1.47637,1.4200,1.3200
31.01.2014 00:24:21.961,1.47839,1.47639,2.9400,2.5200
31.01.2014 00:24:23.517,1.47834,1.47634,1.1500,2.7400
31.01.2014 00:24:24.891,1.47834,1.47634,1.0600,3.0000
31.01.2014 00:24:26.123,1.47833,1.47633,2.6300,1.7100
31.01.2014 00:24:27.436,1.47833,1.47633,1.5800,1.7200
31.01.2014 00:24:28.954,1.47832,1.47632,1.8200,1.9100
31.01.2014 00:24:30.348,1.47832,1.47632,1.9800,2.3200
31.01.2014 00:24:31.721,1.47830,1.47630,1.0800,2.3200
31.01.2014 00:24:32.947,1.47832,1.47632,2.4400,1.1800
31.01.2014 00:24:34.270,1.47831,1.47631,1.8800,1.1500
31.01.2014 00:24:35.751,1.47828,1.47628,2.4100,1.6800
31.01.2014 00:24:37.071,1.47828,1.47628,1.4800,2.1500
31.01.2014 00:24:38.411,1.47827,1.47627,1.9100,1.1100
31.01.2014 00:24:39.582,1.47829,1.47629,2.0300,1.6700
31.01.2014 00:24:41.097,1.47827,1.47627,2.5000,2.0000
31.01.2014 00:24:42.489,1.47831,1.47631,2.9900,1.8000
31.01.2014 00:24:43.914,1.47830,1.47630,1.7600,2.7800
31.01.2014 00:24:45.292,1.47833,1.47633,1.3200,1.9800
31.01.2014 00:24:46.637,1.47834,1.47634,2.6400,1.3100
31.01.2014 00:24:48.126,1.47835,1.47635,1.6000,2.3000
31.01.2014 00:24:49.482,1.47835,1.47635,2.6000,1.6400
31.01.2014 00:24:51.008,1.47836,1.47636,1.0700,1.1300
31.01.2014 00:24:52.498,1.47834,1.47634,1.0200,1.0500
31.01.2014 00:24:54.037,1.47836,1.47636,2.2100,1.7700
31.01.2014 00:24:55.362,1.47836,1.47636,2.3400,1.9700
31.01.2014 00:24:56.684,1.47834,1.47634,1.1400,1.3200
31.01.2014 00:24:58.132,1.47834,1.47634,2.9900,1.1600
31.01.2014 00:24:59.683,1.47836,1.47636,2.9100,2.5400
31.01.2014 00:25:01.110,1.47838,1.47638,3.0000,1.0300
31.01.2014 00:25:02.532,1.47841,1.47641,2.2800,1.3900
31.01.2014 00:25:03.965,1.47841,1.47641,1.2400,1.3300
31.01.2014 00:25:05.374,1.47840,1.47640,2.8600,1.4800
31.01.2014 00:25:06.724,1.47841,1.47641,2.7800,1.3900
31.01.2014 00:25:07.989,1.47841,1.47641,1.6800,1.7300
31.01.2014 00:25:09.478,1.47842,1.47642,2.9600,1.3300
31.01.2014 00:25:10.933,1.47843,1.47643,2.2000,1.1600
31.01.2014 00:25:12.432,1.47843,1.47643,1.6100,2.3200
31.01.2014 00:25:13.733,1.47842,1.47642,1.7800,1.7600
31.01.2014 00:25:15.176,1.47842,1.47642,2.1700,2.7600
31.01.2014 00:25:16.546,1.47842,1.47642,2.8400,2.4600
31.01.2014 00:25:18.004,1.47841,1.47641,2.0900,2.7100
31.01.2014 00:25:19.487,1.47839,1.47639,2.1000,1.8100
31.01.2014 00:25:21.111,1.47840,1.47640,2.3900,2.7800
31.01.2014 00:25:22.510,1.47841,1.47641,1.4400,1.8300
31.01.2014 00:25:23.942,1.47841,1.47641,2.0400,2.6400
31.01.2014 00:25:25.523,1.47841,1.47641,1.8100,1.2500
31.01.2014 00:25:26.893,1.47840,1.47640,2.4800,2.6300
31.01.2014 00:25:28.303,1.47841,1.47641,2.3500,2.5100
31.01.2014 00:25:29.702,1.47838,1.47638,2.4700,2.6700
31.01.2014 00:25:31.161,1.47840,1.47640,1.3900,2.7600
31.01.2014 00:25:32.539,1.47839,1.47639,2.3400,2.8300
31.01.2014 00:25:34.155,1.47842,1.47642,2.0400,2.9900
31.01.2014 00:25:35.566,1.47842,1.47642,2.6300,1.0900
31.01.2014 00:25:37.063,1.47839,1.47639,2.1700,1.1300
31.01.2014 00:25:38.526,1.47840,1.47640,1.7300,2.3400
31.01.2014 00:25:39.873,1.47838,1.47638,1.9600,2.7200
31.01.2014 00:25:41.106,1.47838,1.47638,1.1100,2.2900
31.01.2014 00:25:42.489,1.47838,1.47638,2.3100,2.1200
31.01.2014 00:25:43.997,1.47835,1.47635,2.6100,1.7300
31.01.2014 00:25:45.377,1.47837,1.47637,2.6600,2.9100
31.01.2014 00:25:46.852,1.47838,1.47638,2.4600,2.6500
31.01.2014 00:25:48.359,1.47839,1.47639,1.9400,1.9400
31.01.2014 00:25:49.767,1.47839,1.47639,1.7900,1.4800
31.01.2014 00:25:51.107,1.47841,1.47641,1.6500,2.3500
31.01.2014 00:25:52.535,1.47840,1.47640,2.2900,2.4000
31.01.2014 00:25:53.871,1.47840,1.47640,1.7100,2.3000
31.01.2014 00:25:55.228,1.47840,1.47640,2.0500,2.7400
31.01.2014 00:25:56.621,1.47843,1.47643,1.0600,2.1000
31.01.2014 00:25:57.970,1.47843,1.47643,2.6800,2.4400
31.01.2014 00:25:59.343,1.47843,1.47643,1.1600,2.9300
31.01.2014 00:26:00.720,1.47842,1.47642,1.0800,2.6800
31.01.2014 00:26:02.109,1.47845,1.47645,2.5100,2.4300
31.01.2014 00:26:03.554,1.47844,1.47644,1.4300,1.6800
31.01.2014 00:26:04.745,1.47845,1.47645,2.3700,1.5500
31.01.2014 00:26:06.106,1.47845,1.47645,2.6300,1.8000
31.01.2014 00:26:07.618,1.47848,1.47648,2.1000,1.5900
31.01.2014 00:26:08.983,1.47848,1.47648,2.4400,2.4000
31.01.2014 00:26:10.538,1.47851,1.47651,1.8800,2.2000
31.01.2014 00:26:11.758,1.47852,1.47652,2.4500,2.0100
31.01.2014 00:26:13.168,1.47852,1.47652,2.0000,1.3400
31.01.2014 00:26:14.598,1.47853,1.47653,2.6500,1.4600
31.01.2014 00:26:16.246,1.47852,1.47652,2.0300,1.1600
31.01.2014 00:26:17.595,1.47854,1.47654,2.1600,2.3000
31.01.2014 00:26:19.086,1.47852,1.47652,2.4900,2.9300
31.01.2014 00:26:20.458,1.47852,1.47652,2.2900,2.8500
31.01.2014 00:26:21.826,1.47853,1.47653,2.9300,1.3800
31.01.2014 00:26:23.305,1.47850,1.47650,2.2600,2.8900
31.01.2014 00:26:24.761,1.47849,1.47649,1.5000,1.0300
31.01.2014 00:26:26.027,1.47847,1.47647,2.3800,2.5400
31.01.2014 00:26:27.440,1.47848,1.47648,2.8800,2.4800
31.01.2014 00:26:28.699,1.47845,1.47645,1.4000,2.4900
31.01.2014 00:26:30.283,1.47845,1.47645,2.2200,2.3300
31.01.2014 00:26:31.509,1.47845,1.47645,1.4000,1.1200
31.01.2014 00:26:32.919,1.47845,1.47645,1.7300,2.6500
31.01.2014 00:26:34.408,1.47845,1.47645,1.8700,1.9200
31.01.2014 00:26:35.938,1.47847,1.47647,2.4100,2.0300
31.01.2014 00:26:37.533,1.47848,1.47648,1.3600,2.7500
31.01.2014 00:26:38.929,1.47849,1.47649,1.6900,1.2700
31.01.2014 00:26:40.325,1.47849,1.47649,2.1300,1.6700
31.01.2014 00:26:41.742,1.47850,1.47650,2.7300,2.4000
31.01.2014 00:26:43.084,1.47853,1.47653,2.7500,1.4200
31.01.2014 00:26:44.521,1.47852,1.47652,2.9000,1.7900
31.01.2014 00:26:45.844,1.47852,1.47652,1.0500,2.8000
31.01.2014 00:26:47.236,1.47852,1.47652,2.5600,1.5800
31.01.2014 00:26:48.769,1.47854,1.47654,1.6900,1.5200
31.01.2014 00:26:50.183,1.47854,1.47654,2.6400,1.0000
31.01.2014 00:26:51.664,1.47856,1.47656,2.3800,1.1800
31.01.2014 00:26:53.075,1.47857,1.47657,2.6400,1.1700
31.01.2014 00:26:54.432,1.47857,1.47657,2.6500,1.0400
31.01.2014 00:26:55.848,1.47855,1.47655,1.8800,1.6400
31.01.2014 00:26:57.175,1.47856,1.47656,1.5000,1.1200
31.01.2014 00:26:58.549,1.47855,1.47655,2.5200,2.1800
31.01.2014 00:26:59.980,1.47857,1.47657,2.5000,2.7700
31.01.2014 00:27:01.389,1.47857,1.47657,1.0500,2.9200
31.01.2014 00:27:02.783,1.47856,1.47656,1.1000,2.2200
31.01.2014 00:27:04.293,1.47856,1.47656,1.4600,1.1600
31.01.2014 00:27:05.618,1.47855,1.47655,1.1300,1.5900
31.01.2014 00:27:06.986,1.47857,1.47657,1.1700,1.5100
31.01.2014 00:27:08.131,1.47858,1.47658,2.7400,2.3000
31.01.2014 00:27:09.519,1.47860,1.47660,1.8500,2.0000
31.01.2014 00:27:11.012,1.47859,1.47659,1.2400,2.2000
31.01.2014 00:27:12.398,1.47858,1.47658,2.6200,2.8300
31.01.2014 00:27:13.668,1.47855,1.47655,1.6600,2.7300
31.01.2014 00:27:15.119,1.47857,1.47657,2.8900,2.8500
31.01.2014 00:27:16.234,1.47858,1.47658,1.2600,1.4600
31.01.2014 00:27:17.655,1.47856,1.47656,1.8500,1.2900
31.01.2014 00:27:18.951,1.47855,1.47655,1.2500,2.7700
31.01.2014 00:27:20.351,1.47856,1.47656,1.3700,2.5700
31.01.2014 00:27:21.822,1.47856,1.47656,2.9300,1.1800
31.01.2014 00:27:23.193,1.47858,1.47658,1.5800,2.0600
31.01.2014 00:27:24.740,1.47860,1.47660,1.6700,2.0900
31.01.2014 00:27:26.181,1.47859,1.47659,2.9900,1.0900
31.01.2014 00:27:27.668,1.47859,1.47659,1.7400,1.8500
31.01.2014 00:27:29.035,1.47859,1.47659,1.1800,1.8400
31.01.2014 00:27:30.477,1.47859,1.47659,2.5500,1.9100
31.01.2014 00:27:31.836,1.47858,1.47658,1.7600,1.3700
31.01.2014 00:27:33.316,1.47856,1.47656,1.3900,1.6800
31.01.2014 00:27:34.702,1.47858,1.47658,1.4200,1.8400
31.01.2014 00:27:36.186,1.47858,1.47658,2.7700,1.9500
31.01.2014 00:27:37.665,1.47861,1.47661,1.5500,1.6700
31.01.2014 00:27:39.051,1.47862,1.47662,1.3900,2.9900
31.01.2014 00:27:40.610,1.47862,1.47662,1.3900,1.4800
31.01.2014 00:27:42.077,1.47860,1.47660,1.6800,2.4300
31.01.2014 00:27:43.422,1.47858,1.47658,1.8800,2.9600
31.01.2014 00:27:44.874,1.47859,1.47659,1.9600,2.5900
31.01.2014 00:27:46.260,1.47858,1.47658,2.7500,2.9400
31.01.2014 00:27:47.589,1.47858,1.47658,2.4900,1.6000
31.01.2014 00:27:49.200,1.47861,1.47661,2.0200,1.2700
31.01.2014 00:27:50.590,1.47860,1.47660,2.9800,1.1100
31.01.2014 00:27:51.979,1.47858,1.47658,2.0500,2.7400
31.01.2014 00:27:53.588,1.47858,1.47658,2.0200,2.5500
31.01.2014 00:27:55.054,1.47854,1.47654,2.5500,2.5500
31.01.2014 00:27:56.260,1.47855,1.47655,1.1700,2.9900
31.01.2014 00:27:57.729,1.47855,1.47655,1.6800,2.1900
31.01.2014 00:27:59.077,1.47857,1.47657,1.9000,1.3100
31.01.2014 00:28:00.520,1.47861,1.47661,2.9800,1.3800
31.01.2014 00:28:02.062,1.47863,1.47663,1.4500,2.8200
31.01.2014 00:28:03.530,1.47866,1.47666,2.2800,2.3100
31.01.2014 00:28:05.095,1.47865,1.47665,2.8100,2.2300
31.01.2014 00:28:06.429,1.47866,1.47666,1.1300,2.8600
31.01.2014 00:28:07.704,1.47868,1.47668,2.4600,1.5300
31.01.2014 00:28:09.139,1.47870,1.47670,2.0400,2.0600
31.01.2014 00:28:10.823,1.47869,1.47669,2.1800,1.5200
31.01.2014 00:28:12.239,1.47871,1.47671,2.4100,2.3200
31.01.2014 00:28:13.561,1.47869,1.47669,1.4200,2.7700
31.01.2014 00:28:15.003,1.47870,1.47670,2.0300,1.8500
31.01.2014 00:28:16.440,1.47872,1.47672,2.3700,2.8700
31.01.2014 00:28:17.905,1.47870,1.47670,1.9500,1.9800
31.01.2014 00:28:19.298,1.47870,1.47670,2.1500,2.2400
31.01.2014 00:28:20.747,1.47867,1.47667,2.2800,2.8500
31.01.2014 00:28:22.246,1.47866,1.47666,2.0300,2.7100
31.01.2014 00:28:23.605,1.47868,1.47668,1.1900,2.4500
31.01.2014 00:28:24.936,1.47866,1.47666,1.7600,1.8100
31.01.2014 00:28:26.373,1.47862,1.47662,1.0400,1.4900
31.01.2014 00:28:27.765,1.47861,1.47661,1.3800,2.7500
31.01.2014 00:28:29.124,1.47860,1.47660,2.5400,1.6900
31.01.2014 00:28:30.485,1.47861,1.47661,2.0500,1.2900
31.01.2014 00:28:31.845,1.47859,1.47659,2.9800,2.6600
31.01.2014 00:28:33.100,1.47858,1.47658,1.0600,1.3800
31.01.2014 00:28:34.540,1.47858,1.47658,1.7900,2.8300
31.01.2014 00:28:35.856,1.47859,1.47659,2.8500,2.9400
31.01.2014 00:28:37.210,1.47864,1.47664,1.1800,1.3100
31.01.2014 00:28:38.490,1.47864,1.47664,1.7400,2.0100
31.01.2014 00:28:39.846,1.47864,1.47664,2.3600,2.2000
31.01.2014 00:28:41.031,1.47867,1.47667,2.0100,2.6300
31.01.2014 00:28:42.519,1.47869,1.47669,2.2600,2.8300
31.01.2014 00:28:43.981,1.47866,1.47666,1.4000,2.2500
31.01.2014 00:28:45.239,1.47866,1.47666,1.7900,2.2800
31.01.2014 00:28:46.722,1.47864,1.47664,1.9000,1.9500
31.01.2014 00:28:48.186,1.47866,1.47666,3.0000,1.3800
31.01.2014 00:28:49.492,1.47867,1.47667,2.0800,2.3600
31.01.2014 00:28:50.910,1.47865,1.47665,1.0200,1.5200
31.01.2014 00:28:52.325,1.47863,1.47663,1.8500,1.6300
31.01.2014 00:28:53.691,1.47860,1.47660,1.8200,1.2900
31.01.2014 00:28:55.101,1.47861,1.47661,1.7800,1.3200
31.01.2014 00:28:56.364,1.47863,1.47663,1.8900,1.0200
31.01.2014 00:28:57.423,1.47864,1.47664,1.3300,1.4200
31.01.2014 00:28:58.681,1.47864,1.47664,2.1000,2.6800
31.01.2014 00:28:59.937,1.47864,1.47664,1.9700,1.2600
31.01.2014 00:29:01.338,1.47866,1.47666,2.7100,1.5600
31.01.2014 00:29:02.776,1.47868,1.47668,2.8500,2.1200
31.01.2014 00:29:04.001,1.47869,1.47669,2.1700,1.0800
31.01.2014 00:29:05.441,1.47870,1.47670,1.9600,2.9300
31.01.2014 00:29:06.862,1.47871,1.47671,1.5100,1.7500
31.01.2014 00:29:08.186,1.47872,1.47672,2.9300,1.6700
31.01.2014 00:29:09.627,1.47873,1.47673,1.8700,1.2300
31.01.2014 00:29:10.984,1.47870,1.47670,1.6500,2.9100
31.01.2014 00:29:12.419,1.47869,1.47669,1.5200,1.9900
31.01.2014 00:29:13.784,1.47868,1.47668,1.4000,2.1800
31.01.2014 00:29:15.206,1.47868,1.47668,2.2600,1.8900
31.01.2014 00:29:16.675,1.47868,1.47668,2.7900,1.5400
31.01.2014 00:29:18.044,1.47870,1.47670,2.4100,2.8100
31.01.2014 00:29:19.580,1.47866,1.47666,2.6400,2.6000
31.01.2014 00:29:20.922,1.47868,1.47668,1.4400,2.6500
31.01.2014 00:29:22.387,1.47868,1.47668,2.0200,2.7200
31.01.2014 00:29:23.828,1.47869,1.47669,1.8400,2.7700
31.01.2014 00:29:25.231,1.47871,1.47671,1.8000,1.4400
31.01.2014 00:29:26.633,1.47870,1.47670,1.5200,2.1200
31.01.2014 00:29:28.009,1.47867,1.47667,2.2200,1.4500
31.01.2014 00:29:29.490,1.47869,1.47669,1.2300,1.0400
31.01.2014 00:29:30.914,1.47866,1.47666,1.7400,2.8100
31.01.2014 00:29:32.298,1.47867,1.47667,2.1200,2.5900
31.01.2014 00:29:33.802,1.47869,1.47669,2.6900,2.2800
31.01.2014 00:29:35.275,1.47870,1.47670,1.7500,2.3000
31.01.2014 00:29:36.651,1.47872,1.47672,2.4400,3.0000
31.01.2014 00:29:38.130,1.47873,1.47673,2.7000,2.9800
31.01.2014 00:29:39.477,1.47875,1.47675,2.9200,2.8700
31.01.2014 00:29:40.937,1.47874,1.47674,1.1500,1.2900
31.01.2014 00:29:42.240,1.47874,1.47674,2.0700,1.2800
31.01.2014 00:29:43.583,1.47871,1.47671,2.9300,1.2300
31.01.2014 00:29:45.043,1.47875,1.47675,1.0000,1.8800
31.01.2014 00:29:46.479,1.47873,1.47673,2.6000,1.8700
31.01.2014 00:29:47.994,1.47876,1.47676,2.3900,1.4600
31.01.2014 00:29:49.333,1.47874,1.47674,2.8400,1.3500
31.01.2014 00:29:50.700,1.47873,1.47673,2.0200,1.2800
31.01.2014 00:29:52.067,1.47870,1.47670,1.7000,1.2200
31.01.2014 00:29:53.570,1.47868,1.47668,1.5400,2.4500
31.01.2014 00:29:55.031,1.47867,1.47667,2.1900,2.4100
31.01.2014 00:29:56.385,1.47869,1.47669,1.8100,2.9600
31.01.2014 00:29:57.783,1.47869,1.47669,1.4500,2.9700
31.01.2014 00:29:59.178,1.47869,1.47669,2.7900,2.6200
31.01.2014 00:30:00.526,1.47870,1.47670,1.6900,1.8100
31.01.2014 00:30:01.969,1.47873,1.47673,1.9100,2.1100
31.01.2014 00:30:03.488,1.47872,1.47672,1.4000,2.5000
31.01.2014 00:30:04.863,1.47872,1.47672,2.6700,2.6000
31.01.2014 00:30:06.316,1.47872,1.47672,2.4900,1.7300
31.01.2014 00:30:07.834,1.47871,1.47671,1.9100,1.1200
31.01.2014 00:30:09.171,1.47872,1.47672,1.4900,1.0700
31.01.2014 00:30:10.567,1.47872,1.47672,2.6600,1.5300
31.01.2014 00:30:11.768,1.47873,1.47673,2.9500,1.7900
31.01.2014 00:30:12.921,1.47874,1.47674,1.6800,1.6800
31.01.2014 00:30:14.365,1.47876,1.47676,2.2500,2.6300
31.01.2014 00:30:15.717,1.47875,1.47675,2.4900,2.9400
31.01.2014 00:30:17.236,1.47878,1.47678,1.2000,2.8200
31.01.2014 00:30:18.711,1.47878,1.47678,1.3600,2.5500
31.01.2014 00:30:20.093,1.47877,1.47677,1.9400,1.7300
31.01.2014 00:30:21.359,1.47876,1.47676,2.3500,2.7900
31.01.2014 00:30:22.869,1.47874,1.47674,1.7500,1.7700
31.01.2014 00:30:24.294,1.47873,1.47673,1.8500,2.9000
31.01.2014 00:30:25.782,1.47873,1.47673,2.6700,1.5900
31.01.2014 00:30:27.225,1.47871,1.47671,2.3200,1.0800
31.01.2014 00:30:28.756,1.47874,1.47674,2.4800,2.1200
31.01.2014 00:30:29.879,1.47876,1.47676,1.1500,1.9000
31.01.2014 00:30:31.307,1.47877,1.47677,2.7300,2.1700
31.01.2014 00:30:32.676,1.47875,1.47675,1.9000,1.0200
31.01.2014 00:30:34.105,1.47876,1.47676,2.5800,1.8800
31.01.2014 00:30:35.293,1.47878,1.47678,1.0100,2.5000
31.01.2014 00:30:36.564,1.47877,1.47677,2.5600,2.0900
31.01.2014 00:30:38.109,1.47880,1.47680,2.8500,1.5400
31.01.2014 00:30:39.382,1.47878,1.47678,1.8200,2.5700
31.01.2014 00:30:40.879,1.47881,1.47681,2.6900,1.4600
31.01.2014 00:30:42.325,1.47879,1.47679,1.8900,2.1200
31.01.2014 00:30:43.835,1.47880,1.47680,1.8400,1.7800
31.01.2014 00:30:45.240,1.47880,1.47680,1.4000,2.4100
31.01.2014 00:30:46.829,1.47879,1.47679,1.0900,2.0800
31.01.2014 00:30:48.272,1.47880,1.47680,2.3400,1.3200
31.01.2014 00:30:49.623,1.47881,1.47681,1.7100,2.5000
31.01.2014 00:30:51.131,1.47879,1.47679,2.5700,2.9500
31.01.2014 00:30:52.588,1.47880,1.47680,2.2000,1.2900
31.01.2014 00:30:54.003,1.47879,1.47679,1.4200,1.6800
31.01.2014 00:30:55.392,1.47878,1.47678,1.0900,1.8300
31.01.2014 00:30:56.757,1.47879,1.47679,1.5100,2.2900
31.01.2014 00:30:58.159,1.47877,1.47677,2.3500,2.6800
31.01.2014 00:30:59.489,1.47875,1.47675,1.9200,2.7200
31.01.2014 00:31:00.919,1.47871,1.47671,1.7500,1.7700
31.01.2014 00:31:02.442,1.47872,1.47672,1.3200,1.2400
31.01.2014 00:31:03.939,1.47875,1.47675,1.6200,2.0600
31.01.2014 00:31:05.379,1.47873,1.47673,2.0200,1.6900
31.01.2014 00:31:06.765,1.47877,1.47677,2.7600,1.8800
31.01.2014 00:31:07.936,1.47876,1.47676,2.4000,1.6400
31.01.2014 00:31:09.230,1.47878,1.47678,1.8700,2.5800
31.01.2014 00:31:10.581,1.47876,1.47676,1.2900,1.2200
31.01.2014 00:31:11.920,1.47878,1.47678,1.1400,2.2700
31.01.2014 00:31:13.280,1.47878,1.47678,2.8100,1.3900
31.01.2014 00:31:14.785,1.47879,1.47679,1.8700,1.8200
31.01.2014 00:31:16.295,1.47880,1.47680,2.7300,2.0700
31.01.2014 00:31:17.758,1.47884,1.47684,1.0800,1.8900
31.01.2014 00:31:19.142,1.47884,1.47684,1.8900,2.6700
31.01.2014 00:31:20.696,1.47883,1.47683,1.1000,1.9000
31.01.2014 00:31:22.109,1.47883,1.47683,2.8700,2.2600
31.01.2014 00:31:23.576,1.47883,1.47683,2.8100,2.1300
31.01.2014 00:31:25.004,1.47885,1.47685,1.5100,1.2700
31.01.2014 00:31:26.606,1.47886,1.47686,2.8300,2.3900
31.01.2014 00:31:28.106,1.47885,1.47685,2.6400,1.4900
31.01.2014 00:31:29.596,1.47886,1.47686,2.0700,2.1300
31.01.2014 00:31:30.986,1.47887,1.47687,2.9100,2.3200
31.01.2014 00:31:32.339,1.47888,1.47688,1.1800,1.3700
31.01.2014 00:31:33.630,1.47889,1.47689,1.2200,1.5700
31.01.2014 00:31:35.037,1.47889,1.47689,2.9600,2.3500
31.01.2014 00:31:36.471,1.47891,1.47691,2.5000,1.9000
31.01.2014 00:31:37.850,1.47891,1.47691,2.5000,2.4100
31.01.2014 00:31:39.372,1.47889,1.47689,2.1400,2.9700
31.01.2014 00:31:40.958,1.47887,1.47687,2.8300,2.3200
31.01.2014 00:31:42.424,1.47885,1.47685,2.2600,2.8800
31.01.2014 00:31:43.814,1.47885,1.47685,1.1000,1.8500
31.01.2014 00:31:45.242,1.47883,1.47683,1.9500,1.6300
31.01.2014 00:31:46.442,1.47884,1.47684,2.7800,1.4900
31.01.2014 00:31:47.699,1.47885,1.47685,1.4000,2.2100
31.01.2014 00:31:49.121,1.47886,1.47686,2.4300,1.5400
31.01.2014 00:31:50.446,1.47884,1.47684,2.7400,1.5900
31.01.2014 00:31:51.856,1.47887,1.47687,1.0400,1.8100
31.01.2014 00:31:53.254,1.47889,1.47689,1.0400,1.3800
31.01.2014 00:31:54.785,1.47889,1.47689,1.2800,2.7700
31.01.2014 00:31:56.251,1.47890,1.47690,1.5000,2.2100
31.01.2014 00:31:57.622,1.47888,1.47688,2.8800,2.0100
31.01.2014 00:31:59.214,1.47886,1.47686,2.2400,1.7300
31.01.2014 00:32:00.746,1.47884,1.47684,1.3000,2.9200
31.01.2014 00:32:02.021,1.47887,1.47687,1.9900,1.8900
31.01.2014 00:32:03.413,1.47888,1.47688,1.7800,2.7300
31.01.2014 00:32:04.730,1.47889,1.47689,2.9700,2.7100
31.01.2014 00:32:05.975,1.47892,1.47692,2.4800,2.3200
31.01.2014 00:32:07.552,1.47894,1.47694,2.9500,2.3700
31.01.2014 00:32:08.920,1.47895,1.47695,1.6800,2.4000
31.01.2014 00:32:10.439,1.47896,1.47696,2.3400,1.3900
31.01.2014 00:32:11.743,1.47897,1.47697,1.5300,1.4200
31.01.2014 00:32:13.137,1.47897,1.47697,1.0300,2.2600
31.01.2014 00:32:14.546,1.47894,1.47694,1.6800,1.4900
31.01.2014 00:32:16.328,1.47896,1.47696,2.0000,2.1600
31.01.2014 00:32:17.593,1.47897,1.47697,2.7700,2.1800
31.01.2014 00:32:18.782,1.47896,1.47696,1.1700,1.6900
31.01.2014 00:32:20.248,1.47898,1.47698,2.3900,1.1300
31.01.2014 00:32:21.513,1.47898,1.47698,1.3200,2.2300
31.01.2014 00:32:22.936,1.47898,1.47698,2.8200,1.8100
31.01.2014 00:32:24.137,1.47896,1.47696,1.2300,1.7000
31.01.2014 00:32:25.526,1.47895,1.47695,1.0300,1.5800
31.01.2014 00:32:26.920,1.47894,1.47694,1.5000,1.6800
31.01.2014 00:32:28.395,1.47897,1.47697,1.1100,1.8000
31.01.2014 00:32:29.973,1.47901,1.47701,1.1100,1.4000
31.01.2014 00:32:31.220,1.47902,1.47702,2.3400,1.0600
31.01.2014 00:32:32.647,1.47900,1.47700,2.5100,1.1500
31.01.2014 00:32:34.275,1.47905,1.47705,2.9000,1.6300
31.01.2014 00:32:35.506,1.47903,1.47703,1.2100,2.1400
31.01.2014 00:32:36.911,1.47902,1.47702,2.8700,2.0400
31.01.2014 00:32:38.283,1.47900,1.47700,2.0700,2.2100
31.01.2014 00:32:39.605,1.47898,1.47698,2.2300,2.1500
31.01.2014 00:32:40.969,1.47899,1.47699,1.8000,2.6200
31.01.2014 00:32:42.451,1.47898,1.47698,2.7700,2.6300
31.01.2014 00:32:43.878,1.47897,1.47697,1.4800,1.9100
31.01.2014 00:32:45.193,1.47896,1.47696,2.7700,1.7500
31.01.2014 00:32:46.660,1.47895,1.47695,1.3200,2.9100
31.01.2014 00:32:48.191,1.47896,1.47696,1.0900,2.8700
31.01.2014 00:32:49.685,1.47897,1.47697,2.2100,2.0000
31.01.2014 00:32:50.970,1.47900,1.47700,1.0700,2.5800
31.01.2014 00:32:52.336,1.47902,1.47702,1.6700,1.5700
31.01.2014 00:32:53.669,1.47902,1.47702,2.2600,1.6100
31.01.2014 00:32:55.035,1.47902,1.47702,1.2600,1.0500
31.01.2014 00:32:56.330,1.47902,1.47702,1.6200,1.7500
31.01.2014 00:32:57.704,1.47902,1.47702,1.2700,2.1400
31.01.2014 00:32:59.333,1.47903,1.47703,2.2300,1.3800
31.01.2014 00:33:00.826,1.47901,1.47701,2.0100,1.2500
31.01.2014 00:33:02.246,1.47902,1.47702,2.2400,1.6400
31.01.2014 00:33:03.470,1.47899,1.47699,1.3700,2.2800
31.01.2014 00:33:04.904,1.47899,1.47699,1.7900,1.1600
31.01.2014 00:33:06.387,1.47900,1.47700,1.2100,1.8100
31.01.2014 00:33:07.866,1.47901,1.47701,1.7800,2.4000
31.01.2014 00:33:09.271,1.47900,1.47700,1.6500,2.3200
31.01.2014 00:33:10.742,1.47901,1.47701,1.4400,2.7700
31.01.2014 00:33:12.127,1.47899,1.47699,2.3800,2.5000
31.01.2014 00:33:13.591,1.47899,1.47699,1.6300,2.1500
31.01.2014 00:33:15.066,1.47899,1.47699,1.6100,2.8900
31.01.2014 00:33:16.439,1.47900,1.47700,1.6500,1.1100
31.01.2014 00:33:17.802,1.47902,1.47702,2.4300,1.6000
31.01.2014 00:33:19.211,1.47903,1.47703,1.6500,2.9900
31.01.2014 00:33:20.618,1.47904,1.47704,1.4100,2.8000
31.01.2014 00:33:21.959,1.47907,1.47707,2.8900,1.9500
31.01.2014 00:33:23.279,1.47905,1.47705,1.5100,2.0600
31.01.2014 00:33:24.677,1.47905,1.47705,2.0700,2.3600
31.01.2014 00:33:26.116,1.47905,1.47705,1.2300,1.4000
31.01.2014 00:33:27.544,1.47902,1.47702,2.1000,2.3900
31.01.2014 00:33:28.904,1.47903,1.47703,1.7100,2.7400
31.01.2014 00:33:30.443,1.47900,1.47700,2.6400,2.6200
31.01.2014 00:33:31.858,1.47901,1.47701,2.5300,2.6000
31.01.2014 00:33:33.300,1.47901,1.47701,1.1900,2.5500
31.01.2014 00:33:34.778,1.47899,1.47699,1.7000,1.2600
31.01.2014 00:33:36.132,1.47900,1.47700,2.1700,2.6900
31.01.2014 00:33:37.450,1.47902,1.47702,1.8000,1.5000
31.01.2014 00:33:38.927,1.47902,1.47702,1.2700,2.4700
31.01.2014 00:33:40.306,1.47902,1.47702,2.9900,1.0600
31.01.2014 00:33:41.839,1.47903,1.47703,2.5700,1.4800
31.01.2014 00:33:43.422,1.47902,1.47702,2.5300,1.6800
31.01.2014 00:33:44.773,1.47903,1.47703,2.5000,2.8300
31.01.2014 00:33:46.271,1.47902,1.47702,2.1100,2.3300
31.01.2014 00:33:47.727,1.47903,1.47703,2.7500,1.2500
31.01.2014 00:33:49.100,1.47902,1.47702,2.6400,2.0000
31.01.2014 00:33:50.639,1.47903,1.47703,2.8600,1.3400
31.01.2014 00:33:52.059,1.47906,1.47706,1.5700,2.1100
31.01.2014 00:33:53.354,1.47907,1.47707,2.7300,2.0000
31.01.2014 00:33:54.807,1.47907,1.47707,1.8000,1.6900
31.01.2014 00:33:56.287,1.47905,1.47705,1.1600,1.4500
31.01.2014 00:33:57.695,1.47904,1.47704,1.6400,2.5000
31.01.2014 00:33:58.996,1.47905,1.47705,1.4800,2.4200
31.01.2014 00:34:00.163,1.47904,1.47704,2.1700,2.6600
31.01.2014 00:34:01.518,1.47904,1.47704,1.5200,1.0300
31.01.2014 00:34:03.040,1.47904,1.47704,2.8200,1.3000
31.01.2014 00:34:04.266,1.47905,1.47705,1.3900,2.5500
31.01.2014 00:34:05.579,1.47904,1.47704,1.3000,1.7400
31.01.2014 00:34:07.096,1.47904,1.47704,1.5000,2.6100
31.01.2014 00:34:08.589,1.47905,1.47705,1.1100,2.6300
31.01.2014 00:34:09.880,1.47906,1.47706,1.6100,2.0800
31.01.2014 00:34:11.337,1.47905,1.47705,1.8700,2.3100
31.01.2014 00:34:12.628,1.47904,1.47704,2.2900,1.9800
31.01.2014 00:34:14.114,1.47906,1.47706,1.9300,1.1200
31.01.2014 00:34:15.725,1.47904,1.47704,2.4900,1.2000
31.01.2014 00:34:17.114,1.47904,1.47704,2.3700,2.1100
31.01.2014 00:34:18.536,1.47904,1.47704,1.1500,2.9400
31.01.2014 00:34:19.871,1.47906,1.47706,1.2500,2.6600
31.01.2014 00:34:21.316,1.47905,1.47705,2.3000,2.6500
31.01.2014 00:34:22.728,1.47907,1.47707,2.9600,1.5100
31.01.2014 00:34:24.322,1.47908,1.47708,1.3000,2.7500
31.01.2014 00:34:25.725,1.47907,1.47707,2.9300,1.8800
31.01.2014 00:34:27.019,1.47906,1.47706,2.2000,2.9200
31.01.2014 00:34:28.413,1.47910,1.47710,1.9200,2.1300
31.01.2014 00:34:29.865,1.47910,1.47710,2.9000,1.7900
31.01.2014 00:34:31.158,1.47912,1.47712,2.9200,1.8200
31.01.2014 00:34:32.605,1.47910,1.47710,2.5800,1.7900
31.01.2014 00:34:33.984,1.47910,1.47710,2.9300,2.1700
31.01.2014 00:34:35.285,1.47908,1.47708,1.7400,1.9900
31.01.2014 00:34:36.578,1.47907,1.47707,1.8600,2.4100
31.01.2014 00:34:38.100,1.47908,1.47708,2.2000,1.2000
31.01.2014 00:34:39.456,1.47907,1.47707,1.8000,1.7000
31.01.2014 00:34:40.663,1.47909,1.47709,2.9500,2.4900
31.01.2014 00:34:41.973,1.47906,1.47706,2.9500,1.9300
31.01.2014 00:34:43.374,1.47906,1.47706,1.4700,1.5600
31.01.2014 00:34:44.663,1.47904,1.47704,2.4700,1.7700
31.01.2014 00:34:46.027,1.47903,1.47703,2.9100,1.1200
31.01.2014 00:34:47.565,1.47905,1.47705,2.3600,1.8400
31.01.2014 00:34:48.996,1.47906,1.47706,2.6100,2.6400
31.01.2014 00:34:50.633,1.47907,1.47707,1.4100,2.2000
31.01.2014 00:34:52.035,1.47908,1.47708,1.1400,1.9200
31.01.2014 00:34:53.472,1.47908,1.47708,2.6800,2.4900
31.01.2014 00:34:54.821,1.47906,1.47706,1.7300,1.9100
31.01.2014 00:34:56.074,1.47905,1.47705,2.2900,1.6400
31.01.2014 00:34:57.412,1.47903,1.47703,2.5100,1.8900
31.01.2014 00:34:58.897,1.47903,1.47703,1.6600,1.4600
31.01.2014 00:35:00.272,1.47903,1.47703,2.3700,2.1700
31.01.2014 00:35:01.659,1.47904,1.47704,2.2600,1.3800
31.01.2014 00:35:03.081,1.47903,1.47703,1.6600,2.6000
31.01.2014 00:35:04.356,1.47904,1.47704,1.0600,2.3200
31.01.2014 00:35:05.737,1.47904,1.47704,1.8500,2.1400
31.01.2014 00:35:07.199,1.47906,1.47706,1.0800,1.4700
31.01.2014 00:35:08.491,1.47906,1.47706,1.2300,2.5100
31.01.2014 00:35:09.960,1.47907,1.47707,2.5300,1.8700
31.01.2014 00:35:11.507,1.47907,1.47707,2.8400,2.7300
31.01.2014 00:35:12.989,1.47906,1.47706,1.1100,1.2500
31.01.2014 00:35:14.499,1.47904,1.47704,1.4200,1.7000
31.01.2014 00:35:15.850,1.47906,1.47706,1.2100,1.0700
31.01.2014 00:35:17.093,1.47908,1.47708,1.9500,2.1400
31.01.2014 00:35:18.539,1.47911,1.47711,1.1400,2.3800
31.01.2014 00:35:19.912,1.47909,1.47709,1.5300,2.2100
31.01.2014 00:35:21.238,1.47911,1.47711,2.0100,2.3100
31.01.2014 00:35:22.531,1.47914,1.47714,2.1100,2.5700
31.01.2014 00:35:23.922,1.47915,1.47715,1.1700,1.5900
31.01.2014 00:35:25.324,1.47911,1.47711,2.6700,2.6600
31.01.2014 00:35:26.601,1.47912,1.47712,2.9700,1.3200
31.01.2014 00:35:28.035,1.47910,1.47710,1.6500,2.8800
31.01.2014 00:35:29.419,1.47911,1.47711,2.3900,1.5800
31.01.2014 00:35:30.647,1.47909,1.47709,1.3100,2.4800
31.01.2014 00:35:31.953,1.47907,1.47707,1.7100,1.3600
31.01.2014 00:35:33.449,1.47906,1.47706,1.4500,2.3400
31.01.2014 00:35:34.951,1.47906,1.47706,1.2300,1.9400
31.01.2014 00:35:36.414,1.47907,1.47707,1.1500,2.6500
31.01.2014 00:35:37.920,1.47908,1.47708,1.0100,2.3200
31.01.2014 00:35:39.255,1.47907,1.47707,1.6100,2.2000
31.01.2014 00:35:40.646,1.47904,1.47704,1.9400,1.2400
31.01.2014 00:35:42.159,1.47907,1.47707,2.8300,1.3200
31.01.2014 00:35:43.677,1.47906,1.47706,2.2700,2.9600
31.01.2014 00:35:44.948,1.47907,1.47707,2.3800,1.6400
31.01.2014 00:35:46.313,1.47907,1.47707,2.5200,1.9400
31.01.2014 00:35:47.657,1.47907,1.47707,1.7400,2.9400
31.01.2014 00:35:49.046,1.47907,1.47707,2.6600,2.2700
31.01.2014 00:35:50.277,1.47905,1.47705,2.2800,2.0200
31.01.2014 00:35:51.727,1.47901,1.47701,2.7700,2.8400
31.01.2014 00:35:53.244,1.47900,1.47700,1.2900,1.0700
31.01.2014 00:35:54.613,1.47900,1.47700,1.5100,2.2000
31.01.2014 00:35:56.046,1.47900,1.47700,1.6700,2.5500
31.01.2014 00:35:57.536,1.47901,1.47701,1.7100,2.5600
31.01.2014 00:35:58.999,1.47901,1.47701,2.6300,1.7900
31.01.2014 00:36:00.296,1.47899,1.47699,2.5800,2.7300
31.01.2014 00:36:01.697,1.47895,1.47695,2.6100,1.6100
31.01.2014 00:36:02.930,1.47895,1.47695,2.9000,2.1700
31.01.2014 00:36:04.315,1.47896,1.47696,2.5300,1.8900
31.01.2014 00:36:05.578,1.47894,1.47694,1.8300,2.1900
31.01.2014 00:36:06.846,1.47892,1.47692,2.4100,2.1200
31.01.2014 00:36:08.304,1.47892,1.47692,2.2400,2.2700
31.01.2014 00:36:09.831,1.47889,1.47689,2.6400,2.6000
31.01.2014 00:36:11.300,1.47888,1.47688,1.5300,1.5900
31.01.2014 00:36:12.667,1.47888,1.47688,2.9900,2.1300
31.01.2014 00:36:14.058,1.47886,1.47686,2.1600,1.0400
31.01.2014 00:36:15.373,1.47887,1.47687,2.2000,2.8100
31.01.2014 00:36:16.868,1.47885,1.47685,1.3700,1.0900
31.01.2014 00:36:18.230,1.47886,1.47686,1.1600,1.1300
31.01.2014 00:36:19.772,1.47888,1.47688,2.0900,2.6500
31.01.2014 00:36:21.169,1.47890,1.47690,1.4300,2.0200
31.01.2014 00:36:22.496,1.47891,1.47691,1.2600,2.2100
31.01.2014 00:36:24.012,1.47889,1.47689,2.6000,1.4400
31.01.2014 00:36:25.253,1.47889,1.47689,2.9100,2.1800
31.01.2014 00:36:26.823,1.47889,1.47689,1.9200,1.9200
31.01.2014 00:36:28.336,1.47891,1.47691,1.2300,2.2600
31.01.2014 00:36:29.605,1.47890,1.47690,1.2600,1.1200
31.01.2014 00:36:30.853,1.47890,1.47690,1.3400,1.9800
31.01.2014 00:36:32.353,1.47887,1.47687,1.6300,2.2000
31.01.2014 00:36:33.874,1.47886,1.47686,2.7600,1.5700
31.01.2014 00:36:35.375,1.47885,1.47685,2.6800,2.5900
31.01.2014 00:36:36.877,1.47885,1.47685,1.9000,2.5200
31.01.2014 00:36:38.322,1.47886,1.47686,2.8900,2.7100
31.01.2014 00:36:39.920,1.47887,1.47687,2.5100,2.9200
31.01.2014 00:36:41.323,1.47889,1.47689,1.4200,1.2100
31.01.2014 00:36:42.662,1.47889,1.47689,2.1400,1.6700
31.01.2014 00:36:44.012,1.47888,1.47688,2.6700,1.5400
31.01.2014 00:36:45.311,1.47889,1.47689,2.5600,2.8500
31.01.2014 00:36:46.792,1.47886,1.47686,1.3400,1.3700
31.01.2014 00:36:48.069,1.47884,1.47684,2.6600,1.9800
31.01.2014 00:36:49.280,1.47882,1.47682,2.2700,2.1600
31.01.2014 00:36:50.672,1.47883,1.47683,1.6200,1.3400
31.01.2014 00:36:52.196,1.47885,1.47685,2.4900,2.7500
31.01.2014 00:36:53.458,1.47885,1.47685,2.4400,2.4600
31.01.2014 00:36:55.043,1.47886,1.47686,2.3900,1.9700
31.01.2014 00:36:56.382,1.47884,1.47684,1.8100,2.5400
31.01.2014 00:36:57.651,1.47885,1.47685,1.5400,1.1900
31.01.2014 00:36:59.209,1.47883,1.47683,2.0500,1.4700
31.01.2014 00:37:00.772,1.47884,1.47684,1.0400,1.0900
31.01.2014 00:37:02.103,1.47881,1.47681,1.3600,1.3400
31.01.2014 00:37:03.413,1.47881,1.47681,2.2600,1.9900
31.01.2014 00:37:04.747,1.47883,1.47683,2.8200,2.7000
31.01.2014 00:37:06.105,1.47883,1.47683,2.9800,1.6700
31.01.2014 00:37:07.537,1.47885,1.47685,1.1100,2.5300
31.01.2014 00:37:08.988,1.47887,1.47687,2.6400,2.6800
31.01.2014 00:37:10.483,1.47887,1.47687,2.7900,2.5500
31.01.2014 00:37:11.798,1.47886,1.47686,2.5000,1.5700
31.01.2014 00:37:13.233,1.47887,1.47687,2.0100,2.4000
31.01.2014 00:37:14.708,1.47888,1.47688,1.4500,1.0900
31.01.2014 00:37:16.088,1.47888,1.47688,1.5900,2.9700
31.01.2014 00:37:17.631,1.47889,1.47689,1.5800,2.7500
31.01.2014 00:37:18.987,1.47887,1.47687,2.6400,1.9300
31.01.2014 00:37:20.453,1.47885,1.47685,1.0300,2.6100
31.01.2014 00:37:21.869,1.47887,1.47687,1.6900,2.0300
31.01.2014 00:37:23.221,1.47887,1.47687,2.2600,2.6500
31.01.2014 00:37:24.763,1.47887,1.47687,1.1300,2.0500
31.01.2014 00:37:26.004,1.47888,1.47688,2.1400,2.7800
31.01.2014 00:37:27.327,1.47886,1.47686,2.4100,1.5400
31.01.2014 00:37:28.702,1.47886,1.47686,2.6100,1.1900
31.01.2014 00:37:30.193,1.47887,1.47687,2.1800,1.8200
31.01.2014 00:37:31.566,1.47887,1.47687,2.4700,2.1600
31.01.2014 00:37:32.986,1.47888,1.47688,2.3500,2.1000
31.01.2014 00:37:34.322,1.47886,1.47686,2.5900,2.3100
31.01.2014 00:37:35.879,1.47885,1.47685,1.4600,1.9700
31.01.2014 00:37:37.224,1.47887,1.47687,1.1100,2.3900
31.01.2014 00:37:38.417,1.47889,1.47689,1.9100,2.3100
31.01.2014 00:37:40.149,1.47888,1.47688,2.1600,1.1500
31.01.2014 00:37:41.493,1.47889,1.47689,1.1800,2.4600
31.01.2014 00:37:42.866,1.47892,1.47692,1.3200,1.0700
31.01.2014 00:37:44.285,1.47892,1.47692,2.6700,2.2700
31.01.2014 00:37:45.597,1.47894,1.47694,2.2100,1.4100
31.01.2014 00:37:46.778,1.47898,1.47698,2.5200,1.3200
31.01.2014 00:37:48.166,1.47898,1.47698,2.4700,2.2100
31.01.2014 00:37:49.502,1.47898,1.47698,1.0200,2.2400
31.01.2014 00:37:50.770,1.47899,1.47699,2.1800,2.4800
31.01.2014 00:37:52.155,1.47898,1.47698,1.0300,2.5100
31.01.2014 00:37:53.534,1.47898,1.47698,2.8500,1.6700
31.01.2014 00:37:55.131,1.47900,1.47700,1.5200,2.0600
31.01.2014 00:37:56.520,1.47898,1.47698,1.2400,2.1400
31.01.2014 00:37:57.793,1.47896,1.47696,1.7700,1.0400
31.01.2014 00:37:59.178,1.47897,1.47697,2.6700,1.9400
31.01.2014 00:38:00.644,1.47898,1.47698,1.2800,1.4500
31.01.2014 00:38:02.141,1.47897,1.47697,1.0900,2.9000
31.01.2014 00:38:03.608,1.47897,1.47697,2.4600,2.4800
31.01.2014 00:38:04.897,1.47893,1.47693,1.3300,2.4700
31.01.2014 00:38:06.169,1.47892,1.47692,1.3700,2.1300
31.01.2014 00:38:07.562,1.47894,1.47694,2.6400,2.5200
31.01.2014 00:38:08.920,1.47892,1.47692,1.0100,1.9400
31.01.2014 00:38:10.341,1.47892,1.47692,2.0800,1.0800
31.01.2014 00:38:11.707,1.47892,1.47692,2.5000,1.9300
31.01.2014 00:38:13.052,1.47892,1.47692,1.2800,1.3300
31.01.2014 00:38:14.425,1.47893,1.47693,1.0400,1.5900
31.01.2014 00:38:15.790,1.47892,1.47692,2.5100,2.8800
31.01.2014 00:38:17.245,1.47891,1.47691,1.3200,2.2300
31.01.2014 00:38:18.601,1.47892,1.47692,1.4300,1.1300
31.01.2014 00:38:20.050,1.47892,1.47692,2.9600,1.4800
31.01.2014 00:38:21.499,1.47893,1.47693,1.9200,1.1200
31.01.2014 00:38:23.006,1.47893,1.47693,1.5700,2.6300
31.01.2014 00:38:24.388,1.47891,1.47691,2.7600,2.3400
31.01.2014 00:38:25.862,1.47892,1.47692,1.9600,1.2300
31.01.2014 00:38:27.315,1.47893,1.47693,2.4700,1.3200
31.01.2014 00:38:28.696,1.47891,1.47691,2.5500,2.3000
31.01.2014 00:38:30.096,1.47893,1.47693,1.8000,2.5400
31.01.2014 00:38:31.337,1.47895,1.47695,1.7200,2.0300
31.01.2014 00:38:32.646,1.47894,1.47694,2.1000,1.9800
31.01.2014 00:38:34.109,1.47893,1.47693,2.0000,1.2800
31.01.2014 00:38:35.539,1.47892,1.47692,2.4100,2.8500
31.01.2014 00:38:36.862,1.47892,1.47692,2.0300,1.9100
31.01.2014 00:38:38.275,1.47893,1.47693,2.0100,2.9000
31.01.2014 00:38:39.769,1.47890,1.47690,1.5600,1.1500
31.01.2014 00:38:41.134,1.47890,1.47690,2.2000,2.5600
31.01.2014 00:38:42.576,1.47895,1.47695,1.5800,1.9000
31.01.2014 00:38:43.964,1.47897,1.47697,1.4700,2.9300
31.01.2014 00:38:45.397,1.47898,1.47698,1.6900,2.9300
31.01.2014 00:38:46.725,1.47900,1.47700,2.7900,2.1700
31.01.2014 00:38:48.297,1.47901,1.47701,1.7900,1.2200
31.01.2014 00:38:49.785,1.47898,1.47698,1.4400,1.2600
31.01.2014 00:38:51.006,1.47899,1.47699,1.7700,1.9100
31.01.2014 00:38:52.507,1.47897,1.47697,2.2200,1.5300
31.01.2014 00:38:53.857,1.47896,1.47696,1.4700,2.2200
31.01.2014 00:38:55.267,1.47897,1.47697,2.1400,1.6600
31.01.2014 00:38:56.583,1.47896,1.47696,1.4100,1.1300
31.01.2014 00:38:58.004,1.47895,1.47695,2.8700,1.9000
31.01.2014 00:38:59.502,1.47895,1.47695,1.9300,2.6000
31.01.2014 00:39:00.830,1.47899,1.47699,2.4800,2.4900
31.01.2014 00:39:02.391,1.47900,1.47700,1.6400,2.2900
31.01.2014 00:39:03.832,1.47899,1.47699,1.2900,2.4000
31.01.2014 00:39:05.214,1.47899,1.47699,1.6800,1.2500
31.01.2014 00:39:06.388,1.47901,1.47701,2.6300,1.3300
31.01.2014 00:39:07.687,1.47902,1.47702,2.5000,1.2600
31.01.2014 00:39:08.900,1.47903,1.47703,1.7200,1.3600
31.01.2014 00:39:10.188,1.47903,1.47703,1.7000,1.8500
31.01.2014 00:39:11.606,1.47901,1.47701,1.7700,1.2100
31.01.2014 00:39:13.213,1.47901,1.47701,2.0000,2.5100
31.01.2014 00:39:14.452,1.47903,1.47703,1.0100,1.0800
31.01.2014 00:39:15.879,1.47903,1.47703,2.2100,1.0500
31.01.2014 00:39:17.101,1.47904,1.47704,1.7000,1.7600
31.01.2014 00:39:18.438,1.47905,1.47705,1.1600,2.7700
31.01.2014 00:39:19.796,1.47904,1.47704,2.9000,2.5100
31.01.2014 00:39:21.222,1.47902,1.47702,2.2700,2.5500
31.01.2014 00:39:22.623,1.47903,1.47703,1.6800,2.2600
31.01.2014 00:39:24.166,1.47906,1.47706,1.0900,1.1200
31.01.2014 00:39:25.524,1.47907,1.47707,1.2800,1.1400
31.01.2014 00:39:26.746,1.47907,1.47707,2.3700,1.0400
31.01.2014 00:39:28.256,1.47906,1.47706,1.5400,1.3500
31.01.2014 00:39:29.654,1.47905,1.47705,2.1000,1.4200
31.01.2014 00:39:31.027,1.47908,1.47708,1.4300,2.5700
31.01.2014 00:39:32.423,1.47912,1.47712,2.1300,1.2600
31.01.2014 00:39:33.812,1.47909,1.47709,2.9900,1.0800
31.01.2014 00:39:35.186,1.47909,1.47709,1.2500,2.4200
31.01.2014 00:39:36.711,1.47909,1.47709,2.0900,1.8500
31.01.2014 00:39:38.171,1.47907,1.47707,1.1500,1.0800
31.01.2014 00:39:39.530,1.47908,1.47708,3.0000,1.3600
31.01.2014 00:39:40.916,1.47907,1.47707,1.3200,1.9500
31.01.2014 00:39:42.283,1.47906,1.47706,1.2500,2.9100
31.01.2014 00:39:43.564,1.47904,1.47704,2.8200,2.6900
31.01.2014 00:39:44.834,1.47903,1.47703,1.5900,1.3000
31.01.2014 00:39:46.182,1.47904,1.47704,1.1100,2.2900
31.01.2014 00:39:47.486,1.47904,1.47704,1.5800,2.2200
31.01.2014 00:39:48.947,1.47903,1.47703,1.3200,2.9300
31.01.2014 00:39:50.525,1.47899,1.47699,2.8200,2.0000
31.01.2014 00:39:51.933,1.47900,1.47700,1.8600,2.2600
31.01.2014 00:39:53.265,1.47901,1.47701,2.1000,2.0700
31.01.2014 00:39:54.780,1.47902,1.47702,1.2300,1.8900
31.01.2014 00:39:56.167,1.47902,1.47702,1.8700,1.1200
31.01.2014 00:39:57.720,1.47903,1.47703,1.8300,2.9300
31.01.2014 00:39:59.178,1.47903,1.47703,1.7700,1.7600
31.01.2014 00:40:00.705,1.47903,1.47703,2.6300,2.2000
31.01.2014 00:40:02.024,1.47902,1.47702,2.7600,1.0100
31.01.2014 00:40:03.305,1.47906,1.47706,2.9100,2.2200
31.01.2014 00:40:04.943,1.47905,1.47705,1.7800,2.2300
31.01.2014 00:40:06.448,1.47906,1.47706,2.2300,2.6700
31.01.2014 00:40:07.945,1.47903,1.47703,2.7400,2.2200
31.01.2014 00:40:09.416,1.47905,1.47705,2.9300,1.0800
31.01.2014 00:40:10.781,1.47904,1.47704,2.8400,2.7900
31.01.2014 00:40:12.230,1.47901,1.47701,2.3600,1.8800
31.01.2014 00:40:13.634,1.47902,1.47702,2.6200,1.6000
31.01.2014 00:40:15.203,1.47903,1.47703,1.5100,2.8100
31.01.2014 00:40:16.489,1.47902,1.47702,1.1600,1.1000
31.01.2014 00:40:17.839,1.47904,1.47704,2.4000,2.7600
31.01.2014 00:40:19.162,1.47903,1.47703,1.1200,1.3400
31.01.2014 00:40:20.661,1.47904,1.47704,1.6700,1.4400
31.01.2014 00:40:21.986,1.47905,1.47705,2.5300,2.2200
31.01.2014 00:40:23.492,1.47903,1.47703,1.3400,1.7200
31.01.2014 00:40:25.049,1.47904,1.47704,2.0900,2.5700
31.01.2014 00:40:26.507,1.47902,1.47702,2.5500,1.9100
31.01.2014 00:40:27.976,1.47902,1.47702,2.6800,2.7400
31.01.2014 00:40:29.402,1.47905,1.47705,2.8300,1.6100
31.01.2014 00:40:30.816,1.47907,1.47707,2.1900,1.7400
31.01.2014 00:40:32.382,1.47906,1.47706,1.9400,2.9400
31.01.2014 00:40:33.684,1.47908,1.47708,2.3400,2.9600
31.01.2014 00:40:35.083,1.47907,1.47707,1.6600,2.1800
31.01.2014 00:40:36.476,1.47908,1.47708,1.7800,1.6800
31.01.2014 00:40:37.946,1.47908,1.47708,1.2400,2.5100
31.01.2014 00:40:39.325,1.47912,1.47712,2.5500,2.9600
31.01.2014 00:40:40.792,1.47910,1.47710,1.7000,2.6600
31.01.2014 00:40:42.161,1.47910,1.47710,2.0500,2.6000
31.01.2014 00:40:43.431,1.47909,1.47709,1.8300,1.3000
31.01.2014 00:40:45.011,1.47909,1.47709,2.5500,2.1400
31.01.2014 00:40:46.291,1.47909,1.47709,2.6300,2.5800
31.01.2014 00:40:47.677,1.47909,1.47709,1.5200,2.0500
31.01.2014 00:40:49.134,1.47908,1.47708,2.8900,2.0600
31.01.2014 00:40:50.680,1.47911,1.47711,2.2000,2.6100
31.01.2014 00:40:51.996,1.47912,1.47712,2.6400,1.3300
31.01.2014 00:40:53.450,1.47915,1.47715,2.3300,2.7300
31.01.2014 00:40:54.974,1.47914,1.47714,1.4800,1.0900
31.01.2014 00:40:56.490,1.47913,1.47713,1.4600,1.4200
31.01.2014 00:40:57.830,1.47913,1.47713,1.2600,1.8200
31.01.2014 00:40:59.175,1.47913,1.47713,1.6700,1.4600
31.01.2014 00:41:00.631,1.47913,1.47713,1.2900,1.9700
31.01.2014 00:41:01.921,1.47912,1.47712,2.1600,1.8800
31.01.2014 00:41:03.305,1.47915,1.47715,2.5900,1.2700
31.01.2014 00:41:04.779,1.47915,1.47715,1.0600,1.7100
31.01.2014 00:41:06.025,1.47916,1.47716,2.4000,1.5200
31.01.2014 00:41:07.550,1.47915,1.47715,1.6500,2.2300
31.01.2014 00:41:08.945,1.47915,1.47715,1.1400,1.5900
31.01.2014 00:41:10.248,1.47915,1.47715,1.5400,1.6100
31.01.2014 00:41:11.589,1.47917,1.47717,2.3100,1.5600
31.01.2014 00:41:12.905,1.47916,1.47716,2.0600,2.7100
31.01.2014 00:41:14.156,1.47918,1.47718,2.7200,2.3900
31.01.2014 00:41:15.693,1.47918,1.47718,1.4600,2.6600
31.01.2014 00:41:17.110,1.47915,1.47715,1.1300,2.8500
31.01.2014 00:41:18.575,1.47917,1.47717,2.1600,1.4500
31.01.2014 00:41:19.910,1.47916,1.47716,2.4200,1.3200
31.01.2014 00:41:21.168,1.47918,1.47718,1.9000,1.3900
31.01.2014 00:41:22.543,1.47917,1.47717,2.0500,2.6900
31.01.2014 00:41:23.822,1.47914,1.47714,1.0700,2.7800
31.01.2014 00:41:25.372,1.47915,1.47715,1.7300,2.2200
31.01.2014 00:41:26.694,1.47916,1.47716,2.5300,1.9100
31.01.2014 00:41:28.030,1.47918,1.47718,1.1300,1.2700
31.01.2014 00:41:29.451,1.47918,1.47718,1.6800,2.4000
31.01.2014 00:41:30.689,1.47919,1.47719,1.9100,1.6900
31.01.2014 00:41:32.000,1.47919,1.47719,2.8300,2.7000
31.01.2014 00:41:33.635,1.47917,1.47717,2.3300,1.4500
31.01.2014 00:41:34.908,1.47916,1.47716,1.8000,1.7800
31.01.2014 00:41:36.253,1.47917,1.47717,2.5400,1.6500
31.01.2014 00:41:37.450,1.47916,1.47716,1.8800,1.3700
31.01.2014 00:41:38.879,1.47915,1.47715,1.7500,1.7600
31.01.2014 00:41:40.244,1.47914,1.47714,2.6000,2.0500
31.01.2014 00:41:41.532,1.47914,1.47714,1.1000,2.5800
31.01.2014 00:41:42.946,1.47913,1.47713,2.6000,2.5600
31.01.2014 00:41:44.310,1.47916,1.47716,2.9800,1.0100
31.01.2014 00:41:45.637,1.47918,1.47718,2.4500,2.5400
31.01.2014 00:41:47.097,1.47918,1.47718,2.5800,2.0500
31.01.2014 00:41:48.362,1.47918,1.47718,1.3000,1.5300
31.01.2014 00:41:49.690,1.47917,1.47717,2.2000,2.0800
31.01.2014 00:41:51.166,1.47915,1.47715,2.5000,1.8800
31.01.2014 00:41:52.582,1.47916,1.47716,1.8300,2.3700
31.01.2014 00:41:53.993,1.47916,1.47716,2.8700,2.7800
31.01.2014 00:41:55.400,1.47915,1.47715,2.0100,1.3700
31.01.2014 00:41:56.839,1.47915,1.47715,1.3900,2.6900
31.01.2014 00:41:58.283,1.47914,1.47714,1.7100,2.4800
31.01.2014 00:41:59.642,1.47915,1.47715,2.3300,2.0400
31.01.2014 00:42:01.057,1.47918,1.47718,2.8900,2.2100
31.01.2014 00:42:02.396,1.47920,1.47720,1.1500,1.9400
31.01.2014 00:42:03.883,1.47920,1.47720,2.9700,2.1200
31.01.2014 00:42:05.331,1.47919,1.47719,1.8900,2.7600
31.01.2014 00:42:06.631,1.47918,1.47718,1.5700,2.2000
31.01.2014 00:42:07.913,1.47920,1.47720,1.2900,2.0700
31.01.2014 00:42:09.354,1.47921,1.47721,1.5100,1.5800
31.01.2014 00:42:10.875,1.47920,1.47720,2.9200,1.4900
31.01.2014 00:42:12.396,1.47921,1.47721,2.1900,2.7700
31.01.2014 00:42:13.528,1.47922,1.47722,2.1900,1.4600
31.01.2014 00:42:14.967,1.47923,1.47723,1.5900,1.6400
31.01.2014 00:42:16.415,1.47922,1.47722,1.2600,1.1100
31.01.2014 00:42:17.796,1.47923,1.47723,1.5200,2.7500
31.01.2014 00:42:19.224,1.47922,1.47722,2.6900,2.7500
31.01.2014 00:42:20.683,1.47923,1.47723,2.9400,1.9200
31.01.2014 00:42:22.032,1.47924,1.47724,2.8700,1.0400
31.01.2014 00:42:23.714,1.47924,1.47724,1.0000,2.4000
31.01.2014 00:42:25.044,1.47925,1.47725,1.4100,2.8100
31.01.2014 00:42:26.524,1.47920,1.47720,1.0600,2.4700
31.01.2014 00:42:27.973,1.47919,1.47719,1.5800,2.9400
31.01.2014 00:42:29.590,1.47917,1.47717,2.5600,1.0900
31.01.2014 00:42:31.144,1.47916,1.47716,1.2200,1.1100
31.01.2014 00:42:32.640,1.47915,1.47715,2.5700,1.4500
31.01.2014 00:42:34.126,1.47917,1.47717,2.7100,1.0000
31.01.2014 00:42:35.580,1.47917,1.47717,1.8600,1.9500
31.01.2014 00:42:37.050,1.47915,1.47715,1.1200,2.8900
31.01.2014 00:42:38.590,1.47915,1.47715,1.6500,1.3900
31.01.2014 00:42:40.151,1.47915,1.47715,1.6800,1.4000
31.01.2014 00:42:41.619,1.47916,1.47716,1.8800,2.3200
31.01.2014 00:42:42.811,1.47917,1.47717,2.5100,1.1600
31.01.2014 00:42:44.360,1.47917,1.47717,1.1200,2.3700
31.01.2014 00:42:45.667,1.47916,1.47716,1.2400,2.2200
31.01.2014 00:42:47.144,1.47914,1.47714,2.4000,2.0500
31.01.2014 00:42:48.498,1.47915,1.47715,1.3300,2.1500
31.01.2014 00:42:49.913,1.47915,1.47715,1.9400,2.1500
31.01.2014 00:42:51.445,1.47917,1.47717,1.6300,1.9400
31.01.2014 00:42:52.796,1.47917,1.47717,2.7700,1.5800
31.01.2014 00:42:54.173,1.47912,1.47712,2.1700,1.4800
31.01.2014 00:42:55.455,1.47913,1.47713,1.2300,2.3100
31.01.2014 00:42:56.782,1.47911,1.47711,2.4700,1.8600
31.01.2014 00:42:58.221,1.47908,1.47708,2.8900,2.0300
31.01.2014 00:42:59.759,1.47907,1.47707,2.2700,2.1000
31.01.2014 00:43:00.988,1.47907,1.47707,2.3300,1.3900
31.01.2014 00:43:02.263,1.47905,1.47705,1.5600,1.1600
31.01.2014 00:43:03.614,1.47905,1.47705,1.3500,2.8300
31.01.2014 00:43:05.139,1.47907,1.47707,2.0100,1.4900
31.01.2014 00:43:06.470,1.47910,1.47710,1.1000,2.0500
31.01.2014 00:43:07.917,1.47908,1.47708,1.7500,2.8800
31.01.2014 00:43:09.366,1.47910,1.47710,1.6200,2.1800
31.01.2014 00:43:10.554,1.47911,1.47711,1.0800,2.9600
31.01.2014 00:43:12.095,1.47908,1.47708,2.4200,2.1100
31.01.2014 00:43:13.416,1.47908,1.47708,2.4300,2.4400
31.01.2014 00:43:14.910,1.47909,1.47709,1.6000,1.9100
