Time,Ask,Bid,AskVolume,BidVolume
08.01.2014 00:00:01.696,1.47710,1.47510,1.1300,1.5200
08.01.2014 00:00:03.023,1.47710,1.47510,2.5700,2.7100
08.01.2014 00:00:04.347,1.47709,1.47509,2.2600,1.0600
08.01.2014 00:00:05.787,1.47709,1.47509,2.5500,2.8900
08.01.2014 00:00:07.302,1.47712,1.47512,2.2500,1.6400
08.01.2014 00:00:08.796,1.47713,1.47513,2.5000,2.7200
08.01.2014 00:00:10.072,1.47713,1.47513,1.0500,1.2300
08.01.2014 00:00:11.280,1.47712,1.47512,1.4700,2.0600
08.01.2014 00:00:12.571,1.47708,1.47508,2.2500,2.0100
08.01.2014 00:00:13.801,1.47709,1.47509,1.9200,1.9100
08.01.2014 00:00:15.121,1.47708,1.47508,1.8600,1.0800
08.01.2014 00:00:16.765,1.47708,1.47508,1.7300,1.5500
08.01.2014 00:00:18.209,1.47705,1.47505,2.8600,1.5500
08.01.2014 00:00:19.581,1.47706,1.47506,2.8200,2.3200
08.01.2014 00:00:20.907,1.47706,1.47506,2.2000,2.5200
08.01.2014 00:00:22.237,1.47707,1.47507,2.7100,2.6100
08.01.2014 00:00:23.625,1.47707,1.47507,1.5700,2.4600
08.01.2014 00:00:24.920,1.47707,1.47507,1.1900,1.9200
08.01.2014 00:00:26.372,1.47708,1.47508,2.1600,1.4400
08.01.2014 00:00:27.709,1.47710,1.47510,2.3700,2.1100
08.01.2014 00:00:29.055,1.47710,1.47510,2.8700,1.2700
08.01.2014 00:00:30.498,1.47711,1.47511,1.0100,1.3900
08.01.2014 00:00:32.041,1.47711,1.47511,2.1800,2.2200
08.01.2014 00:00:33.457,1.47713,1.47513,1.1000,1.3100
08.01.2014 00:00:34.881,1.47711,1.47511,2.3400,2.9700
08.01.2014 00:00:36.193,1.47709,1.47509,1.3700,1.0500
08.01.2014 00:00:37.471,1.47711,1.47511,1.4200,1.0900
08.01.2014 00:00:38.914,1.47710,1.47510,1.9500,1.3900
08.01.2014 00:00:40.287,1.47707,1.47507,2.5700,1.2900
08.01.2014 00:00:41.550,1.47707,1.47507,1.4600,1.4900
08.01.2014 00:00:42.841,1.47706,1.47506,2.9000,2.6900
08.01.2014 00:00:44.229,1.47704,1.47504,2.3100,2.8100
08.01.2014 00:00:45.567,1.47703,1.47503,2.4700,1.7800
08.01.2014 00:00:47.014,1.47706,1.47506,1.6500,1.3700
08.01.2014 00:00:48.353,1.47706,1.47506,2.0300,1.1500
08.01.2014 00:00:49.900,1.47708,1.47508,1.9300,2.8200
08.01.2014 00:00:51.186,1.47706,1.47506,1.4100,2.1500
08.01.2014 00:00:52.611,1.47706,1.47506,1.8400,1.0000
08.01.2014 00:00:53.943,1.47705,1.47505,2.4800,1.1200
08.01.2014 00:00:55.285,1.47705,1.47505,1.3400,1.2000
08.01.2014 00:00:56.647,1.47704,1.47504,2.4400,2.0500
08.01.2014 00:00:58.158,1.47704,1.47504,2.3300,2.1400
08.01.2014 00:00:59.633,1.47702,1.47502,2.7000,2.8700
08.01.2014 00:01:01.149,1.47698,1.47498,1.7200,1.1600
08.01.2014 00:01:02.699,1.47698,1.47498,2.4100,1.7800
08.01.2014 00:01:03.891,1.47696,1.47496,2.7300,1.3600
08.01.2014 00:01:05.222,1.47695,1.47495,2.4200,1.1900
08.01.2014 00:01:06.530,1.47697,1.47497,1.5000,1.3700
08.01.2014 00:01:07.989,1.47695,1.47495,2.2400,1.8100
08.01.2014 00:01:09.437,1.47695,1.47495,1.7600,1.2000
08.01.2014 00:01:10.726,1.47695,1.47495,2.5900,2.5000
08.01.2014 00:01:12.241,1.47694,1.47494,2.8000,1.3900
08.01.2014 00:01:13.681,1.47693,1.47493,1.0000,2.8600
08.01.2014 00:01:15.209,1.47696,1.47496,2.9100,2.1400
08.01.2014 00:01:16.661,1.47695,1.47495,2.1800,1.1800
08.01.2014 00:01:18.195,1.47695,1.47495,1.6200,2.4900
08.01.2014 00:01:19.643,1.47698,1.47498,1.3700,1.6800
08.01.2014 00:01:20.974,1.47696,1.47496,1.0300,1.9200
08.01.2014 00:01:22.290,1.47696,1.47496,2.3200,1.3900
08.01.2014 00:01:23.709,1.47697,1.47497,2.7200,1.0100
08.01.2014 00:01:25.003,1.47696,1.47496,2.9600,2.3500
08.01.2014 00:01:26.363,1.47696,1.47496,1.3800,1.1800
08.01.2014 00:01:27.676,1.47697,1.47497,2.9300,1.6500
08.01.2014 00:01:29.164,1.47696,1.47496,2.0400,1.5700
08.01.2014 00:01:30.570,1.47697,1.47497,1.6600,1.0300
08.01.2014 00:01:31.904,1.47696,1.47496,2.1900,1.1600
08.01.2014 00:01:33.362,1.47695,1.47495,2.4400,1.2300
08.01.2014 00:01:34.720,1.47693,1.47493,2.5200,2.7600
08.01.2014 00:01:35.983,1.47692,1.47492,2.6000,1.9000
08.01.2014 00:01:37.496,1.47692,1.47492,1.1600,2.7300
08.01.2014 00:01:39.007,1.47691,1.47491,2.8900,2.8500
08.01.2014 00:01:40.431,1.47692,1.47492,1.6600,2.8200
08.01.2014 00:01:41.960,1.47693,1.47493,2.5600,2.7700
08.01.2014 00:01:43.452,1.47689,1.47489,1.1300,2.7400
08.01.2014 00:01:44.833,1.47688,1.47488,2.1800,1.1900
08.01.2014 00:01:46.263,1.47690,1.47490,1.5900,2.2500
08.01.2014 00:01:47.574,1.47689,1.47489,2.1300,2.5900
08.01.2014 00:01:48.997,1.47688,1.47488,2.1700,1.1900
08.01.2014 00:01:50.262,1.47688,1.47488,2.6800,2.9600
08.01.2014 00:01:51.744,1.47688,1.47488,1.0100,2.2000
08.01.2014 00:01:53.107,1.47689,1.47489,1.9200,2.6800
08.01.2014 00:01:54.640,1.47688,1.47488,1.3000,2.9900
08.01.2014 00:01:56.110,1.47684,1.47484,1.9000,1.3400
08.01.2014 00:01:57.483,1.47685,1.47485,1.2000,2.7800
08.01.2014 00:01:58.897,1.47684,1.47484,2.9900,2.4200
08.01.2014 00:02:00.355,1.47687,1.47487,1.9900,2.0400
08.01.2014 00:02:01.806,1.47684,1.47484,1.7600,1.9900
08.01.2014 00:02:03.199,1.47684,1.47484,2.3200,2.2200
08.01.2014 00:02:04.657,1.47684,1.47484,2.1200,2.5700
08.01.2014 00:02:06.087,1.47685,1.47485,1.8900,2.8800
08.01.2014 00:02:07.397,1.47682,1.47482,2.0500,2.8600
08.01.2014 00:02:08.854,1.47681,1.47481,2.9600,2.3700
08.01.2014 00:02:10.248,1.47681,1.47481,2.6200,2.1800
08.01.2014 00:02:11.563,1.47683,1.47483,1.7700,2.8700
08.01.2014 00:02:12.946,1.47681,1.47481,2.5800,1.6500
08.01.2014 00:02:14.402,1.47679,1.47479,1.9600,1.0800
08.01.2014 00:02:15.718,1.47679,1.47479,1.0000,2.6900
08.01.2014 00:02:16.911,1.47678,1.47478,1.8700,1.3500
08.01.2014 00:02:18.487,1.47676,1.47476,2.7300,2.9400
08.01.2014 00:02:19.758,1.47677,1.47477,1.0300,2.5700
08.01.2014 00:02:21.181,1.47676,1.47476,1.7800,2.9800
08.01.2014 00:02:22.571,1.47676,1.47476,2.2700,2.2100
08.01.2014 00:02:23.884,1.47676,1.47476,1.1800,2.9700
08.01.2014 00:02:25.223,1.47678,1.47478,1.4700,1.5700
08.01.2014 00:02:26.584,1.47682,1.47482,2.7600,1.5700
08.01.2014 00:02:27.970,1.47678,1.47478,1.4500,1.0000
08.01.2014 00:02:29.308,1.47679,1.47479,1.1200,1.2100
08.01.2014 00:02:30.785,1.47681,1.47481,2.7100,1.3800
08.01.2014 00:02:32.128,1.47684,1.47484,1.6000,2.4100
08.01.2014 00:02:33.463,1.47686,1.47486,2.4800,2.7200
08.01.2014 00:02:34.826,1.47685,1.47485,1.5300,2.2500
08.01.2014 00:02:36.179,1.47686,1.47486,1.2100,1.8000
08.01.2014 00:02:37.522,1.47687,1.47487,2.3200,2.9900
08.01.2014 00:02:38.829,1.47685,1.47485,2.1400,1.5700
08.01.2014 00:02:40.167,1.47685,1.47485,1.1300,2.8500
08.01.2014 00:02:41.617,1.47686,1.47486,1.2500,1.2400
08.01.2014 00:02:43.140,1.47686,1.47486,1.1100,1.6000
08.01.2014 00:02:44.550,1.47685,1.47485,1.0500,2.0500
08.01.2014 00:02:45.851,1.47687,1.47487,2.5100,1.1500
08.01.2014 00:02:47.282,1.47687,1.47487,1.9900,1.8500
08.01.2014 00:02:48.691,1.47686,1.47486,2.8600,1.4000
08.01.2014 00:02:49.986,1.47686,1.47486,2.0800,2.7900
08.01.2014 00:02:51.379,1.47688,1.47488,2.6500,1.9900
08.01.2014 00:02:52.710,1.47685,1.47485,2.0000,1.2100
08.01.2014 00:02:54.084,1.47688,1.47488,1.5900,1.1500
08.01.2014 00:02:55.635,1.47687,1.47487,2.8700,1.7700
08.01.2014 00:02:57.101,1.47688,1.47488,1.3400,1.4300
08.01.2014 00:02:58.477,1.47688,1.47488,2.5500,1.7400
08.01.2014 00:02:59.701,1.47690,1.47490,2.3100,1.9700
08.01.2014 00:03:01.116,1.47692,1.47492,1.8700,1.3400
08.01.2014 00:03:02.409,1.47694,1.47494,2.4000,2.4300
08.01.2014 00:03:03.563,1.47691,1.47491,2.8900,2.2400
08.01.2014 00:03:04.880,1.47691,1.47491,1.0000,2.5200
08.01.2014 00:03:06.322,1.47687,1.47487,2.5500,2.7100
08.01.2014 00:03:07.841,1.47687,1.47487,1.8400,1.2300
08.01.2014 00:03:09.248,1.47689,1.47489,1.1100,2.4300
08.01.2014 00:03:10.654,1.47683,1.47483,1.3700,1.1900
08.01.2014 00:03:12.047,1.47684,1.47484,2.6300,2.0900
08.01.2014 00:03:13.447,1.47684,1.47484,2.1400,1.9100
08.01.2014 00:03:14.748,1.47687,1.47487,1.6600,1.9400
08.01.2014 00:03:16.317,1.47689,1.47489,2.8400,1.8500
08.01.2014 00:03:17.612,1.47689,1.47489,2.7300,1.0800
08.01.2014 00:03:19.053,1.47693,1.47493,2.4500,2.0900
08.01.2014 00:03:20.357,1.47692,1.47492,2.6200,1.3000
08.01.2014 00:03:21.765,1.47693,1.47493,2.4500,1.9200
08.01.2014 00:03:23.246,1.47696,1.47496,1.2100,1.3900
08.01.2014 00:03:24.633,1.47694,1.47494,2.2400,2.4800
08.01.2014 00:03:26.059,1.47696,1.47496,2.3100,1.9800
08.01.2014 00:03:27.263,1.47695,1.47495,1.4300,1.7700
08.01.2014 00:03:28.780,1.47695,1.47495,1.3200,1.3300
08.01.2014 00:03:30.169,1.47695,1.47495,1.5800,1.4000
08.01.2014 00:03:31.572,1.47694,1.47494,2.1700,2.2500
08.01.2014 00:03:32.976,1.47694,1.47494,1.9100,1.4500
08.01.2014 00:03:34.323,1.47690,1.47490,2.4600,2.1600
08.01.2014 00:03:35.640,1.47687,1.47487,2.8500,1.2500
08.01.2014 00:03:37.132,1.47686,1.47486,1.1900,1.2500
08.01.2014 00:03:38.664,1.47686,1.47486,2.0300,2.4300
08.01.2014 00:03:40.069,1.47684,1.47484,2.3400,2.6900
08.01.2014 00:03:41.492,1.47685,1.47485,1.6500,2.7200
08.01.2014 00:03:42.936,1.47686,1.47486,1.0900,1.9500
08.01.2014 00:03:44.219,1.47686,1.47486,1.1000,2.6700
08.01.2014 00:03:45.510,1.47687,1.47487,1.0300,1.8100
08.01.2014 00:03:46.944,1.47690,1.47490,2.2700,2.2700
08.01.2014 00:03:48.249,1.47690,1.47490,1.2300,1.3000
08.01.2014 00:03:49.556,1.47690,1.47490,2.4200,1.6300
08.01.2014 00:03:50.975,1.47692,1.47492,2.3700,1.8500
08.01.2014 00:03:52.329,1.47692,1.47492,1.3800,2.7400
08.01.2014 00:03:53.726,1.47692,1.47492,1.2800,2.7600
08.01.2014 00:03:55.118,1.47691,1.47491,1.2300,2.8600
08.01.2014 00:03:56.529,1.47689,1.47489,1.3000,1.6400
08.01.2014 00:03:57.907,1.47690,1.47490,2.6500,1.3500
08.01.2014 00:03:59.354,1.47689,1.47489,2.9900,2.1200
08.01.2014 00:04:00.842,1.47690,1.47490,2.2500,1.3200
08.01.2014 00:04:02.448,1.47693,1.47493,1.3400,2.7600
08.01.2014 00:04:03.690,1.47692,1.47492,1.8900,2.2500
08.01.2014 00:04:05.241,1.47690,1.47490,2.9600,2.9400
08.01.2014 00:04:06.705,1.47688,1.47488,1.5000,1.3200
08.01.2014 00:04:08.060,1.47689,1.47489,1.4300,2.8300
08.01.2014 00:04:09.526,1.47690,1.47490,2.0400,2.6100
08.01.2014 00:04:10.992,1.47690,1.47490,1.5500,2.9700
08.01.2014 00:04:12.374,1.47692,1.47492,2.2100,1.3900
08.01.2014 00:04:13.802,1.47692,1.47492,1.8400,2.9700
08.01.2014 00:04:15.108,1.47692,1.47492,2.3800,2.5000
08.01.2014 00:04:16.431,1.47694,1.47494,2.4100,1.7100
08.01.2014 00:04:17.836,1.47695,1.47495,1.8400,2.0000
08.01.2014 00:04:19.227,1.47697,1.47497,1.8500,2.2600
08.01.2014 00:04:20.559,1.47698,1.47498,2.3900,2.3600
08.01.2014 00:04:21.849,1.47698,1.47498,2.4900,2.0900
08.01.2014 00:04:23.242,1.47699,1.47499,2.9600,2.5100
08.01.2014 00:04:24.609,1.47698,1.47498,2.7900,2.4800
08.01.2014 00:04:25.929,1.47696,1.47496,1.2000,2.4900
08.01.2014 00:04:27.268,1.47695,1.47495,2.2900,2.9100
08.01.2014 00:04:28.787,1.47695,1.47495,2.2500,2.0800
08.01.2014 00:04:30.123,1.47694,1.47494,1.5800,1.1100
08.01.2014 00:04:31.557,1.47695,1.47495,2.8800,1.4600
08.01.2014 00:04:33.075,1.47695,1.47495,2.8100,2.8900
08.01.2014 00:04:34.402,1.47695,1.47495,2.3400,2.9800
08.01.2014 00:04:35.935,1.47696,1.47496,2.7900,2.1900
08.01.2014 00:04:37.370,1.47696,1.47496,1.5100,1.3900
08.01.2014 00:04:38.767,1.47694,1.47494,1.4600,1.8700
08.01.2014 00:04:40.109,1.47695,1.47495,1.4600,2.3800
08.01.2014 00:04:41.503,1.47695,1.47495,2.1800,2.2300
08.01.2014 00:04:42.926,1.47697,1.47497,2.6700,2.7900
08.01.2014 00:04:44.405,1.47694,1.47494,2.7000,1.3300
08.01.2014 00:04:45.745,1.47696,1.47496,1.2600,2.8500
08.01.2014 00:04:46.972,1.47693,1.47493,2.3800,1.2000
08.01.2014 00:04:48.328,1.47692,1.47492,1.9500,1.0500
08.01.2014 00:04:49.833,1.47691,1.47491,2.4800,2.8600
08.01.2014 00:04:51.218,1.47692,1.47492,2.4500,2.9100
08.01.2014 00:04:52.437,1.47693,1.47493,1.1900,1.4300
08.01.2014 00:04:53.881,1.47692,1.47492,1.6900,2.2800
08.01.2014 00:04:55.381,1.47691,1.47491,1.3900,1.3800
08.01.2014 00:04:56.758,1.47692,1.47492,2.9600,1.8200
08.01.2014 00:04:58.077,1.47693,1.47493,1.9100,1.3500
08.01.2014 00:04:59.423,1.47691,1.47491,1.3300,2.6800
08.01.2014 00:05:00.788,1.47692,1.47492,1.7100,2.5100
08.01.2014 00:05:02.111,1.47692,1.47492,2.3300,2.4800
08.01.2014 00:05:03.412,1.47692,1.47492,2.4100,2.9900
08.01.2014 00:05:04.719,1.47692,1.47492,2.7300,2.3700
08.01.2014 00:05:06.186,1.47689,1.47489,2.7400,1.3100
08.01.2014 00:05:07.484,1.47688,1.47488,2.3600,1.3900
08.01.2014 00:05:08.796,1.47689,1.47489,1.9400,1.8400
08.01.2014 00:05:10.253,1.47687,1.47487,1.3600,2.0900
08.01.2014 00:05:11.771,1.47688,1.47488,2.6100,2.3300
08.01.2014 00:05:13.138,1.47689,1.47489,2.6400,2.6900
08.01.2014 00:05:14.451,1.47687,1.47487,1.6200,2.7200
08.01.2014 00:05:15.925,1.47686,1.47486,2.9200,1.1000
08.01.2014 00:05:17.400,1.47686,1.47486,2.2400,2.1400
08.01.2014 00:05:18.938,1.47685,1.47485,2.4200,2.1100
08.01.2014 00:05:20.291,1.47682,1.47482,1.3500,2.9700
08.01.2014 00:05:21.658,1.47683,1.47483,2.1300,1.8300
08.01.2014 00:05:23.183,1.47683,1.47483,2.9400,2.6600
08.01.2014 00:05:24.552,1.47682,1.47482,1.0400,2.1400
08.01.2014 00:05:25.980,1.47682,1.47482,2.4800,1.3900
08.01.2014 00:05:27.314,1.47683,1.47483,1.7900,1.3000
08.01.2014 00:05:28.651,1.47685,1.47485,1.8300,1.6300
08.01.2014 00:05:30.202,1.47686,1.47486,2.1500,2.6600
08.01.2014 00:05:31.823,1.47683,1.47483,2.3700,1.0600
08.01.2014 00:05:33.252,1.47684,1.47484,2.9800,2.4600
08.01.2014 00:05:34.805,1.47683,1.47483,1.9100,2.7500
08.01.2014 00:05:36.095,1.47682,1.47482,2.2600,2.5000
08.01.2014 00:05:37.467,1.47682,1.47482,2.8200,1.5400
08.01.2014 00:05:38.946,1.47686,1.47486,1.8600,2.6900
08.01.2014 00:05:40.335,1.47687,1.47487,1.1700,2.9000
08.01.2014 00:05:41.784,1.47687,1.47487,2.7700,2.3600
08.01.2014 00:05:43.077,1.47688,1.47488,1.6000,1.9800
08.01.2014 00:05:44.604,1.47689,1.47489,2.0800,1.9000
08.01.2014 00:05:46.078,1.47691,1.47491,2.1100,1.6600
08.01.2014 00:05:47.468,1.47690,1.47490,2.2900,1.5600
08.01.2014 00:05:48.774,1.47688,1.47488,2.2200,2.0200
08.01.2014 00:05:50.369,1.47689,1.47489,1.2300,2.2000
08.01.2014 00:05:51.786,1.47691,1.47491,2.3300,1.0900
08.01.2014 00:05:53.305,1.47692,1.47492,1.2100,2.6900
08.01.2014 00:05:54.696,1.47693,1.47493,1.8800,2.2600
08.01.2014 00:05:55.979,1.47694,1.47494,1.6000,2.3800
08.01.2014 00:05:57.391,1.47693,1.47493,2.6700,2.3700
08.01.2014 00:05:58.765,1.47694,1.47494,1.6300,2.3600
08.01.2014 00:06:00.115,1.47695,1.47495,2.0300,1.2200
08.01.2014 00:06:01.468,1.47696,1.47496,1.1900,3.0000
08.01.2014 00:06:02.758,1.47698,1.47498,1.4600,2.2100
08.01.2014 00:06:04.126,1.47698,1.47498,1.7200,2.2400
08.01.2014 00:06:05.625,1.47700,1.47500,1.6300,2.4500
08.01.2014 00:06:06.954,1.47699,1.47499,1.6900,2.0600
08.01.2014 00:06:08.513,1.47696,1.47496,1.8700,1.2500
08.01.2014 00:06:09.976,1.47695,1.47495,1.8100,1.8800
08.01.2014 00:06:11.353,1.47696,1.47496,1.6100,1.1600
08.01.2014 00:06:12.707,1.47696,1.47496,1.1200,2.8400
08.01.2014 00:06:14.054,1.47695,1.47495,2.9300,1.8300
08.01.2014 00:06:15.557,1.47698,1.47498,2.0300,2.9900
08.01.2014 00:06:16.681,1.47699,1.47499,2.2300,1.8800
08.01.2014 00:06:18.296,1.47698,1.47498,2.4900,2.3900
08.01.2014 00:06:19.667,1.47700,1.47500,2.7500,2.1900
08.01.2014 00:06:21.143,1.47698,1.47498,1.2700,1.4800
08.01.2014 00:06:22.335,1.47698,1.47498,1.7600,1.6800
08.01.2014 00:06:23.534,1.47698,1.47498,1.1100,1.5500
08.01.2014 00:06:25.121,1.47696,1.47496,1.6900,2.1400
08.01.2014 00:06:26.413,1.47697,1.47497,2.9500,2.3900
08.01.2014 00:06:27.931,1.47697,1.47497,2.7500,2.3200
08.01.2014 00:06:29.361,1.47698,1.47498,2.0300,1.0900
08.01.2014 00:06:30.978,1.47695,1.47495,1.3500,2.0000
08.01.2014 00:06:32.407,1.47694,1.47494,1.5800,1.0900
08.01.2014 00:06:33.855,1.47695,1.47495,1.0800,2.7600
08.01.2014 00:06:35.284,1.47694,1.47494,1.4200,2.2200
08.01.2014 00:06:36.740,1.47694,1.47494,1.1200,2.3700
08.01.2014 00:06:38.013,1.47694,1.47494,2.0300,2.4900
08.01.2014 00:06:39.468,1.47691,1.47491,2.0000,1.1300
08.01.2014 00:06:40.910,1.47691,1.47491,1.9300,1.5900
08.01.2014 00:06:42.313,1.47691,1.47491,2.8500,2.8500
08.01.2014 00:06:43.524,1.47693,1.47493,1.2500,2.8000
08.01.2014 00:06:44.973,1.47691,1.47491,1.2000,2.2700
08.01.2014 00:06:46.296,1.47688,1.47488,2.2100,2.2900
08.01.2014 00:06:47.662,1.47689,1.47489,1.0300,2.7700
08.01.2014 00:06:49.157,1.47690,1.47490,1.0400,1.0300
08.01.2014 00:06:50.403,1.47689,1.47489,2.9800,2.1200
08.01.2014 00:06:51.663,1.47690,1.47490,1.8800,2.4800
08.01.2014 00:06:53.072,1.47689,1.47489,2.1700,1.6600
08.01.2014 00:06:54.352,1.47691,1.47491,2.7800,1.9300
08.01.2014 00:06:55.797,1.47692,1.47492,2.7000,2.9000
08.01.2014 00:06:56.977,1.47693,1.47493,1.2500,2.9400
08.01.2014 00:06:58.345,1.47696,1.47496,2.7400,1.2900
08.01.2014 00:06:59.689,1.47696,1.47496,1.1600,1.1400
08.01.2014 00:07:01.167,1.47697,1.47497,2.8500,1.5500
08.01.2014 00:07:02.540,1.47695,1.47495,2.9800,2.4700
08.01.2014 00:07:04.173,1.47696,1.47496,1.5700,1.1000
08.01.2014 00:07:05.546,1.47697,1.47497,1.4300,2.5500
08.01.2014 00:07:06.784,1.47698,1.47498,2.0700,1.9000
08.01.2014 00:07:08.120,1.47697,1.47497,2.5500,2.8500
08.01.2014 00:07:09.547,1.47700,1.47500,2.6100,2.0300
08.01.2014 00:07:11.067,1.47701,1.47501,2.3700,2.5000
08.01.2014 00:07:12.307,1.47702,1.47502,2.5700,1.9200
08.01.2014 00:07:13.698,1.47704,1.47504,2.6200,2.7600
08.01.2014 00:07:15.058,1.47704,1.47504,2.0600,2.5300
08.01.2014 00:07:16.413,1.47704,1.47504,1.6200,1.4900
08.01.2014 00:07:17.863,1.47705,1.47505,1.6400,2.7100
08.01.2014 00:07:19.474,1.47708,1.47508,2.1500,1.0600
08.01.2014 00:07:20.852,1.47708,1.47508,1.4200,1.1800
08.01.2014 00:07:22.162,1.47708,1.47508,1.1400,2.3700
08.01.2014 00:07:23.678,1.47710,1.47510,2.9100,1.5700
08.01.2014 00:07:25.159,1.47711,1.47511,2.2300,1.2400
08.01.2014 00:07:26.443,1.47713,1.47513,1.5400,1.8100
08.01.2014 00:07:27.766,1.47714,1.47514,1.3300,2.8100
08.01.2014 00:07:29.128,1.47718,1.47518,2.9800,2.2200
08.01.2014 00:07:30.548,1.47717,1.47517,1.6700,2.8600
08.01.2014 00:07:32.016,1.47719,1.47519,1.3900,2.0200
08.01.2014 00:07:33.341,1.47719,1.47519,2.5500,1.2900
08.01.2014 00:07:34.539,1.47719,1.47519,2.1400,1.2300
08.01.2014 00:07:35.865,1.47719,1.47519,1.0500,1.0000
08.01.2014 00:07:37.318,1.47719,1.47519,2.9200,1.6800
08.01.2014 00:07:38.795,1.47722,1.47522,2.6400,2.2100
08.01.2014 00:07:40.439,1.47722,1.47522,1.3600,2.4200
08.01.2014 00:07:41.672,1.47721,1.47521,2.5900,1.9800
08.01.2014 00:07:43.057,1.47721,1.47521,2.2700,2.8900
08.01.2014 00:07:44.443,1.47718,1.47518,2.3900,1.2800
08.01.2014 00:07:45.716,1.47720,1.47520,2.7000,1.5200
08.01.2014 00:07:46.967,1.47720,1.47520,1.4400,1.0600
08.01.2014 00:07:48.417,1.47720,1.47520,2.6000,2.0200
08.01.2014 00:07:49.949,1.47714,1.47514,2.7500,2.9400
08.01.2014 00:07:51.312,1.47716,1.47516,1.9100,1.8900
08.01.2014 00:07:52.688,1.47717,1.47517,1.7800,2.3400
08.01.2014 00:07:54.242,1.47715,1.47515,2.2000,2.3700
08.01.2014 00:07:55.563,1.47716,1.47516,1.8700,1.2100
08.01.2014 00:07:56.922,1.47715,1.47515,2.9100,1.9600
08.01.2014 00:07:58.472,1.47715,1.47515,2.6200,1.1400
08.01.2014 00:08:00.024,1.47716,1.47516,1.9800,1.7900
08.01.2014 00:08:01.529,1.47719,1.47519,2.3500,1.8800
08.01.2014 00:08:02.974,1.47720,1.47520,1.0900,2.7700
08.01.2014 00:08:04.429,1.47719,1.47519,1.3400,2.0100
08.01.2014 00:08:05.816,1.47719,1.47519,1.7300,2.7600
08.01.2014 00:08:07.332,1.47719,1.47519,2.9500,2.5800
08.01.2014 00:08:08.713,1.47720,1.47520,1.9900,2.1200
08.01.2014 00:08:10.079,1.47721,1.47521,2.8600,2.6100
08.01.2014 00:08:11.252,1.47721,1.47521,1.0200,1.5300
08.01.2014 00:08:12.613,1.47724,1.47524,1.5400,1.6600
08.01.2014 00:08:13.940,1.47722,1.47522,1.2600,1.8500
08.01.2014 00:08:15.360,1.47723,1.47523,2.0800,2.7300
08.01.2014 00:08:16.844,1.47720,1.47520,1.9100,1.3100
08.01.2014 00:08:18.178,1.47720,1.47520,1.1100,2.4700
08.01.2014 00:08:19.439,1.47718,1.47518,2.5200,2.4200
08.01.2014 00:08:21.088,1.47717,1.47517,1.5500,2.4800
08.01.2014 00:08:22.530,1.47717,1.47517,1.6200,1.9300
08.01.2014 00:08:23.924,1.47718,1.47518,2.2500,1.5600
08.01.2014 00:08:25.302,1.47719,1.47519,1.9700,1.4900
08.01.2014 00:08:26.655,1.47720,1.47520,2.7100,2.0500
08.01.2014 00:08:27.899,1.47720,1.47520,2.4700,1.0900
08.01.2014 00:08:29.249,1.47722,1.47522,2.7300,2.4400
08.01.2014 00:08:30.779,1.47723,1.47523,1.3100,1.5300
08.01.2014 00:08:32.292,1.47724,1.47524,1.7500,2.3600
08.01.2014 00:08:33.604,1.47721,1.47521,1.2500,2.2100
08.01.2014 00:08:35.141,1.47720,1.47520,1.3200,1.8200
08.01.2014 00:08:36.608,1.47721,1.47521,1.4000,1.9100
08.01.2014 00:08:38.172,1.47720,1.47520,1.6600,2.9100
08.01.2014 00:08:39.547,1.47721,1.47521,2.6100,1.0300
08.01.2014 00:08:40.995,1.47721,1.47521,2.9400,2.5700
08.01.2014 00:08:42.407,1.47718,1.47518,1.9800,1.4500
08.01.2014 00:08:43.881,1.47719,1.47519,1.4900,2.3900
08.01.2014 00:08:45.353,1.47719,1.47519,1.4700,1.0400
08.01.2014 00:08:46.896,1.47718,1.47518,1.0300,2.9900
08.01.2014 00:08:48.289,1.47719,1.47519,1.2100,2.7900
08.01.2014 00:08:49.562,1.47720,1.47520,2.9100,2.1700
08.01.2014 00:08:51.025,1.47720,1.47520,1.8700,1.8700
08.01.2014 00:08:52.467,1.47720,1.47520,1.2000,1.6900
08.01.2014 00:08:53.875,1.47721,1.47521,1.4700,1.4900
08.01.2014 00:08:55.147,1.47719,1.47519,1.9600,1.0600
08.01.2014 00:08:56.443,1.47717,1.47517,1.6000,2.2200
08.01.2014 00:08:57.790,1.47719,1.47519,1.6300,2.4200
08.01.2014 00:08:59.228,1.47721,1.47521,2.2700,2.8400
08.01.2014 00:09:00.669,1.47723,1.47523,2.1000,1.7300
08.01.2014 00:09:02.075,1.47725,1.47525,2.1800,1.3300
08.01.2014 00:09:03.351,1.47726,1.47526,2.2500,1.2800
08.01.2014 00:09:04.642,1.47725,1.47525,2.2600,1.6600
08.01.2014 00:09:06.061,1.47724,1.47524,2.1500,1.4800
08.01.2014 00:09:07.390,1.47724,1.47524,2.4600,2.9800
08.01.2014 00:09:08.692,1.47722,1.47522,2.3800,2.6800
08.01.2014 00:09:10.061,1.47722,1.47522,2.7000,2.2600
08.01.2014 00:09:11.567,1.47723,1.47523,2.2600,2.5800
08.01.2014 00:09:12.976,1.47723,1.47523,2.9600,2.1100
08.01.2014 00:09:14.320,1.47722,1.47522,1.7800,2.3400
08.01.2014 00:09:15.750,1.47724,1.47524,2.7800,2.8900
08.01.2014 00:09:17.303,1.47723,1.47523,2.8800,2.7900
08.01.2014 00:09:18.809,1.47722,1.47522,1.8900,1.0300
08.01.2014 00:09:20.369,1.47722,1.47522,2.1600,1.9300
08.01.2014 00:09:21.749,1.47723,1.47523,1.4000,2.4700
08.01.2014 00:09:23.118,1.47725,1.47525,2.8500,2.7600
08.01.2014 00:09:24.552,1.47725,1.47525,2.6200,1.1800
08.01.2014 00:09:25.926,1.47726,1.47526,2.9100,1.2300
08.01.2014 00:09:27.408,1.47727,1.47527,2.6700,2.4700
08.01.2014 00:09:28.878,1.47726,1.47526,1.9500,2.6400
08.01.2014 00:09:30.337,1.47727,1.47527,1.0900,1.4100
08.01.2014 00:09:31.824,1.47727,1.47527,2.9000,1.1800
08.01.2014 00:09:33.363,1.47727,1.47527,1.6900,2.1400
08.01.2014 00:09:34.814,1.47727,1.47527,1.4900,1.4000
08.01.2014 00:09:36.308,1.47727,1.47527,2.4400,1.2700
08.01.2014 00:09:37.625,1.47725,1.47525,1.2400,2.0800
08.01.2014 00:09:38.928,1.47727,1.47527,1.3900,1.3900
08.01.2014 00:09:40.361,1.47725,1.47525,2.3500,1.1400
08.01.2014 00:09:41.818,1.47724,1.47524,2.2500,1.3300
08.01.2014 00:09:43.067,1.47723,1.47523,2.3100,1.8300
08.01.2014 00:09:44.584,1.47721,1.47521,2.0600,2.6400
08.01.2014 00:09:46.221,1.47719,1.47519,1.6500,1.2000
08.01.2014 00:09:47.669,1.47720,1.47520,2.4600,1.5900
08.01.2014 00:09:48.907,1.47717,1.47517,1.0600,2.1200
08.01.2014 00:09:50.250,1.47719,1.47519,2.1300,1.7100
08.01.2014 00:09:51.705,1.47717,1.47517,2.5100,1.2700
08.01.2014 00:09:53.112,1.47719,1.47519,2.1900,1.5600
08.01.2014 00:09:54.652,1.47719,1.47519,1.8100,1.6100
08.01.2014 00:09:56.203,1.47721,1.47521,1.1800,1.0700
08.01.2014 00:09:57.823,1.47722,1.47522,1.6200,1.4600
08.01.2014 00:09:59.347,1.47721,1.47521,1.1400,2.1500
08.01.2014 00:10:00.718,1.47722,1.47522,1.6700,1.7600
08.01.2014 00:10:02.176,1.47719,1.47519,2.5700,2.1800
08.01.2014 00:10:03.529,1.47719,1.47519,1.8500,2.8000
08.01.2014 00:10:04.847,1.47721,1.47521,1.9400,1.0600
08.01.2014 00:10:06.189,1.47721,1.47521,2.8000,1.0200
08.01.2014 00:10:07.609,1.47721,1.47521,1.2900,2.0300
08.01.2014 00:10:08.920,1.47722,1.47522,1.8600,2.9900
08.01.2014 00:10:10.295,1.47720,1.47520,2.1600,2.5500
08.01.2014 00:10:11.779,1.47721,1.47521,2.3200,1.4400
08.01.2014 00:10:13.159,1.47721,1.47521,1.4300,1.5100
08.01.2014 00:10:14.528,1.47722,1.47522,1.0700,1.0400
08.01.2014 00:10:15.930,1.47722,1.47522,2.0100,1.3400
08.01.2014 00:10:17.208,1.47722,1.47522,1.7500,2.8000
08.01.2014 00:10:18.627,1.47723,1.47523,2.0800,1.1000
08.01.2014 00:10:20.043,1.47722,1.47522,2.1400,1.2900
08.01.2014 00:10:21.296,1.47723,1.47523,1.9300,2.5200
08.01.2014 00:10:22.758,1.47723,1.47523,2.1100,1.5500
08.01.2014 00:10:24.205,1.47721,1.47521,2.7800,1.9600
08.01.2014 00:10:25.520,1.47721,1.47521,2.0900,1.4000
08.01.2014 00:10:26.966,1.47723,1.47523,1.9800,2.9400
08.01.2014 00:10:28.261,1.47723,1.47523,2.4900,1.0000
08.01.2014 00:10:29.611,1.47724,1.47524,2.4000,2.4600
08.01.2014 00:10:30.968,1.47724,1.47524,2.6500,1.3200
08.01.2014 00:10:32.242,1.47723,1.47523,2.2900,1.4900
08.01.2014 00:10:33.799,1.47723,1.47523,1.7800,2.1800
08.01.2014 00:10:35.327,1.47725,1.47525,2.0500,1.0300
08.01.2014 00:10:36.503,1.47724,1.47524,2.5900,1.1400
08.01.2014 00:10:38.017,1.47723,1.47523,1.5300,2.3100
08.01.2014 00:10:39.217,1.47723,1.47523,1.1900,2.5400
08.01.2014 00:10:40.621,1.47722,1.47522,2.5200,2.6800
08.01.2014 00:10:42.031,1.47723,1.47523,1.7000,1.3200
08.01.2014 00:10:43.471,1.47723,1.47523,2.3500,2.0700
08.01.2014 00:10:44.851,1.47725,1.47525,1.4200,1.9700
08.01.2014 00:10:46.150,1.47720,1.47520,2.4700,2.1400
08.01.2014 00:10:47.638,1.47719,1.47519,2.2800,1.1800
08.01.2014 00:10:48.824,1.47719,1.47519,2.8000,2.6400
08.01.2014 00:10:50.353,1.47720,1.47520,2.6400,1.7700
08.01.2014 00:10:51.760,1.47720,1.47520,2.1600,2.4200
08.01.2014 00:10:53.160,1.47720,1.47520,1.4800,1.5700
08.01.2014 00:10:54.787,1.47720,1.47520,1.9200,1.9500
08.01.2014 00:10:56.373,1.47721,1.47521,2.5700,1.8600
08.01.2014 00:10:57.838,1.47721,1.47521,2.4900,1.2700
08.01.2014 00:10:59.529,1.47720,1.47520,2.9500,2.7600
08.01.2014 00:11:00.892,1.47720,1.47520,1.2900,2.3700
08.01.2014 00:11:02.308,1.47720,1.47520,1.7800,2.2800
08.01.2014 00:11:03.851,1.47716,1.47516,2.0200,2.0300
08.01.2014 00:11:05.432,1.47716,1.47516,1.2800,2.1600
08.01.2014 00:11:06.921,1.47718,1.47518,1.1500,2.9700
08.01.2014 00:11:08.281,1.47718,1.47518,1.2800,1.7400
08.01.2014 00:11:09.575,1.47716,1.47516,1.0100,2.7100
08.01.2014 00:11:10.934,1.47717,1.47517,2.1800,2.3600
08.01.2014 00:11:12.315,1.47716,1.47516,1.3100,1.3900
08.01.2014 00:11:13.578,1.47715,1.47515,2.5600,1.9500
08.01.2014 00:11:15.068,1.47712,1.47512,1.2900,1.0200
08.01.2014 00:11:16.564,1.47714,1.47514,3.0000,1.2600
08.01.2014 00:11:17.849,1.47714,1.47514,1.8800,2.8800
08.01.2014 00:11:19.442,1.47713,1.47513,2.3100,1.0900
08.01.2014 00:11:20.978,1.47715,1.47515,1.6500,1.8900
08.01.2014 00:11:22.363,1.47713,1.47513,1.7700,2.8600
08.01.2014 00:11:23.837,1.47712,1.47512,1.0900,2.3500
08.01.2014 00:11:25.272,1.47714,1.47514,2.7200,2.1500
08.01.2014 00:11:26.796,1.47714,1.47514,1.8500,2.3100
08.01.2014 00:11:28.360,1.47714,1.47514,1.5600,2.3800
08.01.2014 00:11:29.633,1.47714,1.47514,1.0300,1.6000
08.01.2014 00:11:30.841,1.47715,1.47515,1.2400,1.7700
08.01.2014 00:11:32.242,1.47715,1.47515,2.7600,1.7700
08.01.2014 00:11:33.702,1.47718,1.47518,2.3900,2.6200
08.01.2014 00:11:35.214,1.47719,1.47519,2.6900,1.2300
08.01.2014 00:11:36.661,1.47716,1.47516,2.3300,1.4000
08.01.2014 00:11:38.097,1.47715,1.47515,2.1500,2.7300
08.01.2014 00:11:39.525,1.47718,1.47518,1.0300,1.9500
08.01.2014 00:11:41.011,1.47716,1.47516,1.8200,2.3200
08.01.2014 00:11:42.361,1.47719,1.47519,1.6700,2.6800
08.01.2014 00:11:43.952,1.47722,1.47522,1.5600,1.5300
08.01.2014 00:11:45.445,1.47722,1.47522,2.6500,2.3800
08.01.2014 00:11:46.765,1.47723,1.47523,2.2100,1.1700
08.01.2014 00:11:47.913,1.47724,1.47524,1.4500,1.2100
08.01.2014 00:11:49.305,1.47721,1.47521,2.0300,2.1300
08.01.2014 00:11:50.713,1.47720,1.47520,1.3500,2.6000
08.01.2014 00:11:52.187,1.47719,1.47519,1.4300,1.9900
08.01.2014 00:11:53.599,1.47718,1.47518,2.9800,1.5400
08.01.2014 00:11:55.044,1.47716,1.47516,1.2400,2.4000
08.01.2014 00:11:56.388,1.47715,1.47515,2.4600,2.2600
08.01.2014 00:11:57.882,1.47717,1.47517,3.0000,2.9400
08.01.2014 00:11:59.268,1.47717,1.47517,2.9900,2.2300
08.01.2014 00:12:00.643,1.47718,1.47518,1.8300,2.5300
08.01.2014 00:12:02.164,1.47716,1.47516,1.3400,2.3900
08.01.2014 00:12:03.499,1.47716,1.47516,2.1600,1.8700
08.01.2014 00:12:05.122,1.47717,1.47517,2.3200,2.5100
08.01.2014 00:12:06.396,1.47718,1.47518,1.4600,2.8900
08.01.2014 00:12:07.740,1.47715,1.47515,1.1600,2.5600
08.01.2014 00:12:09.203,1.47714,1.47514,2.7900,1.8400
08.01.2014 00:12:10.660,1.47715,1.47515,2.5700,1.1700
08.01.2014 00:12:11.983,1.47713,1.47513,1.4500,2.6400
08.01.2014 00:12:13.540,1.47715,1.47515,1.3500,1.6600
08.01.2014 00:12:15.052,1.47715,1.47515,2.6700,2.0500
08.01.2014 00:12:16.615,1.47714,1.47514,2.1400,1.0800
08.01.2014 00:12:17.962,1.47714,1.47514,1.0700,2.5900
08.01.2014 00:12:19.201,1.47715,1.47515,1.7900,2.0000
08.01.2014 00:12:20.676,1.47714,1.47514,1.0200,1.4200
08.01.2014 00:12:22.281,1.47720,1.47520,2.3800,1.5000
08.01.2014 00:12:23.881,1.47719,1.47519,2.6200,1.7800
08.01.2014 00:12:25.318,1.47718,1.47518,1.6100,2.5500
08.01.2014 00:12:26.660,1.47719,1.47519,1.2100,2.9600
08.01.2014 00:12:28.238,1.47720,1.47520,2.1400,1.1500
08.01.2014 00:12:29.777,1.47721,1.47521,1.2200,2.0500
08.01.2014 00:12:31.215,1.47724,1.47524,2.5200,1.5100
08.01.2014 00:12:32.708,1.47727,1.47527,1.4600,1.7000
08.01.2014 00:12:34.171,1.47726,1.47526,2.5000,1.7800
08.01.2014 00:12:35.499,1.47728,1.47528,2.3300,1.7500
08.01.2014 00:12:36.943,1.47727,1.47527,1.8500,2.4800
08.01.2014 00:12:38.081,1.47728,1.47528,2.3300,1.1600
08.01.2014 00:12:39.509,1.47727,1.47527,2.1100,2.1400
08.01.2014 00:12:40.880,1.47728,1.47528,1.6700,1.4600
08.01.2014 00:12:42.198,1.47730,1.47530,1.3900,2.8300
08.01.2014 00:12:43.708,1.47730,1.47530,2.4400,1.9100
08.01.2014 00:12:45.004,1.47730,1.47530,2.4900,2.3700
08.01.2014 00:12:46.471,1.47728,1.47528,1.3400,1.3800
08.01.2014 00:12:47.831,1.47729,1.47529,1.0900,2.2000
08.01.2014 00:12:49.017,1.47727,1.47527,2.9300,1.2100
08.01.2014 00:12:50.526,1.47727,1.47527,2.3700,1.8000
08.01.2014 00:12:52.022,1.47726,1.47526,2.2800,1.6400
08.01.2014 00:12:53.582,1.47724,1.47524,2.6800,2.9200
08.01.2014 00:12:54.992,1.47723,1.47523,2.5000,1.6300
08.01.2014 00:12:56.317,1.47722,1.47522,1.6000,1.5300
08.01.2014 00:12:57.774,1.47721,1.47521,2.2400,2.8800
08.01.2014 00:12:59.232,1.47719,1.47519,2.1200,1.5600
08.01.2014 00:13:00.646,1.47718,1.47518,2.1200,1.9700
08.01.2014 00:13:02.238,1.47715,1.47515,1.8500,1.8500
08.01.2014 00:13:03.477,1.47715,1.47515,2.1100,2.7500
08.01.2014 00:13:04.942,1.47712,1.47512,1.4700,1.3400
08.01.2014 00:13:06.349,1.47710,1.47510,2.6800,2.5000
08.01.2014 00:13:07.687,1.47709,1.47509,1.6600,1.2700
08.01.2014 00:13:09.225,1.47708,1.47508,2.2800,1.1700
08.01.2014 00:13:10.620,1.47710,1.47510,1.2000,1.0500
08.01.2014 00:13:12.001,1.47708,1.47508,2.1900,2.4000
08.01.2014 00:13:13.007,1.47707,1.47507,1.6700,1.5800
08.01.2014 00:13:14.366,1.47707,1.47507,2.4400,2.3800
08.01.2014 00:13:15.781,1.47707,1.47507,2.1800,1.0800
08.01.2014 00:13:17.144,1.47707,1.47507,2.6400,1.9200
08.01.2014 00:13:18.636,1.47710,1.47510,2.4000,2.1600
08.01.2014 00:13:20.081,1.47710,1.47510,2.6700,2.1000
08.01.2014 00:13:21.524,1.47711,1.47511,1.8700,2.7400
08.01.2014 00:13:22.933,1.47713,1.47513,1.5800,2.4800
08.01.2014 00:13:24.245,1.47711,1.47511,2.4000,1.5000
08.01.2014 00:13:25.615,1.47711,1.47511,2.1800,2.1800
08.01.2014 00:13:27.097,1.47710,1.47510,1.3600,1.4100
08.01.2014 00:13:28.640,1.47711,1.47511,2.9600,2.9300
08.01.2014 00:13:29.967,1.47711,1.47511,1.7000,2.1900
08.01.2014 00:13:31.333,1.47713,1.47513,1.4300,1.2900
08.01.2014 00:13:32.588,1.47714,1.47514,2.5000,1.4400
08.01.2014 00:13:33.953,1.47713,1.47513,2.7900,1.2500
08.01.2014 00:13:35.212,1.47715,1.47515,2.1200,2.5500
08.01.2014 00:13:36.734,1.47716,1.47516,2.6900,1.3100
08.01.2014 00:13:38.354,1.47715,1.47515,2.3000,2.1300
08.01.2014 00:13:39.860,1.47712,1.47512,2.7300,1.0300
08.01.2014 00:13:41.384,1.47714,1.47514,2.0900,1.7500
08.01.2014 00:13:42.837,1.47713,1.47513,2.4600,2.0200
08.01.2014 00:13:44.291,1.47713,1.47513,2.8500,2.6500
08.01.2014 00:13:45.792,1.47713,1.47513,2.5700,2.8600
08.01.2014 00:13:47.034,1.47713,1.47513,2.8100,1.1400
08.01.2014 00:13:48.501,1.47713,1.47513,2.6900,1.9900
08.01.2014 00:13:49.899,1.47713,1.47513,1.9400,2.0200
08.01.2014 00:13:51.380,1.47710,1.47510,2.1400,2.5400
08.01.2014 00:13:52.728,1.47709,1.47509,1.0500,2.9000
08.01.2014 00:13:53.992,1.47710,1.47510,1.0800,1.8400
08.01.2014 00:13:55.504,1.47713,1.47513,1.6600,1.1700
08.01.2014 00:13:57.003,1.47716,1.47516,1.0600,1.2400
08.01.2014 00:13:58.297,1.47717,1.47517,1.3500,1.9300
08.01.2014 00:13:59.705,1.47718,1.47518,1.6500,1.5900
08.01.2014 00:14:01.131,1.47716,1.47516,1.1300,1.1300
08.01.2014 00:14:02.497,1.47717,1.47517,1.8900,2.6300
08.01.2014 00:14:04.046,1.47716,1.47516,2.6400,1.7700
08.01.2014 00:14:05.571,1.47717,1.47517,1.8700,1.3500
08.01.2014 00:14:06.974,1.47715,1.47515,2.9800,1.6000
08.01.2014 00:14:08.342,1.47715,1.47515,1.0100,1.1000
08.01.2014 00:14:09.926,1.47717,1.47517,1.3700,2.7900
08.01.2014 00:14:11.271,1.47715,1.47515,1.9400,1.9800
08.01.2014 00:14:12.772,1.47715,1.47515,2.9900,1.4300
08.01.2014 00:14:14.372,1.47717,1.47517,2.8400,1.6300
08.01.2014 00:14:15.673,1.47716,1.47516,1.4900,1.8900
08.01.2014 00:14:16.929,1.47716,1.47516,2.8300,1.8000
08.01.2014 00:14:18.139,1.47718,1.47518,2.8900,2.2000
08.01.2014 00:14:19.353,1.47718,1.47518,1.2100,1.6200
08.01.2014 00:14:20.694,1.47719,1.47519,2.0800,1.9600
08.01.2014 00:14:21.982,1.47715,1.47515,1.4000,2.0400
08.01.2014 00:14:23.342,1.47717,1.47517,2.5000,1.9500
08.01.2014 00:14:24.740,1.47714,1.47514,1.7800,1.6500
08.01.2014 00:14:26.074,1.47716,1.47516,2.9600,2.3200
08.01.2014 00:14:27.448,1.47715,1.47515,1.6100,2.8700
08.01.2014 00:14:29.049,1.47715,1.47515,2.4600,2.1000
08.01.2014 00:14:30.394,1.47717,1.47517,2.8000,2.6800
08.01.2014 00:14:31.844,1.47716,1.47516,2.6600,2.2300
08.01.2014 00:14:33.474,1.47719,1.47519,2.1500,2.9000
08.01.2014 00:14:34.955,1.47718,1.47518,2.8500,2.5400
08.01.2014 00:14:36.530,1.47717,1.47517,2.6700,1.4300
08.01.2014 00:14:37.914,1.47719,1.47519,2.9900,2.0400
08.01.2014 00:14:39.230,1.47717,1.47517,1.7800,1.5700
08.01.2014 00:14:40.512,1.47717,1.47517,1.0600,2.0200
08.01.2014 00:14:41.711,1.47716,1.47516,1.8800,2.3100
08.01.2014 00:14:43.178,1.47715,1.47515,2.6200,1.6800
08.01.2014 00:14:44.580,1.47717,1.47517,1.4000,2.9100
08.01.2014 00:14:45.925,1.47719,1.47519,1.7000,2.6600
08.01.2014 00:14:47.209,1.47719,1.47519,1.6600,2.4000
08.01.2014 00:14:48.665,1.47720,1.47520,2.4200,1.0700
08.01.2014 00:14:50.114,1.47720,1.47520,2.5800,1.3200
08.01.2014 00:14:51.462,1.47722,1.47522,1.0100,2.8800
08.01.2014 00:14:52.892,1.47724,1.47524,1.2800,1.4300
08.01.2014 00:14:54.383,1.47724,1.47524,2.3800,2.5200
08.01.2014 00:14:55.540,1.47725,1.47525,2.6200,2.6300
08.01.2014 00:14:57.003,1.47726,1.47526,2.3900,2.4900
08.01.2014 00:14:58.594,1.47727,1.47527,1.5700,2.7300
08.01.2014 00:15:00.025,1.47727,1.47527,2.3100,1.1400
08.01.2014 00:15:01.480,1.47728,1.47528,2.8100,1.9600
08.01.2014 00:15:02.854,1.47727,1.47527,2.7500,1.5400
08.01.2014 00:15:03.983,1.47726,1.47526,2.4900,2.2500
08.01.2014 00:15:05.477,1.47728,1.47528,2.5200,2.6800
08.01.2014 00:15:06.908,1.47729,1.47529,2.1400,1.1900
08.01.2014 00:15:08.265,1.47731,1.47531,2.2200,1.5300
08.01.2014 00:15:09.882,1.47734,1.47534,2.0200,2.2900
08.01.2014 00:15:11.115,1.47733,1.47533,2.7300,1.1000
08.01.2014 00:15:12.522,1.47730,1.47530,1.4900,1.8000
08.01.2014 00:15:13.844,1.47732,1.47532,1.6900,1.8600
08.01.2014 00:15:15.092,1.47734,1.47534,1.4200,2.5700
08.01.2014 00:15:16.352,1.47734,1.47534,1.1600,1.4800
08.01.2014 00:15:17.765,1.47736,1.47536,2.7400,1.2800
08.01.2014 00:15:19.138,1.47735,1.47535,1.1100,1.3000
08.01.2014 00:15:20.585,1.47740,1.47540,2.7800,1.1000
08.01.2014 00:15:21.979,1.47743,1.47543,1.3300,1.1400
08.01.2014 00:15:23.388,1.47743,1.47543,1.2400,1.8800
08.01.2014 00:15:24.884,1.47742,1.47542,1.8700,2.4200
08.01.2014 00:15:26.279,1.47745,1.47545,2.2500,2.4100
08.01.2014 00:15:27.775,1.47747,1.47547,1.2700,1.5400
08.01.2014 00:15:29.192,1.47748,1.47548,1.1100,1.1600
08.01.2014 00:15:30.515,1.47748,1.47548,2.5700,1.5100
08.01.2014 00:15:31.867,1.47750,1.47550,1.6800,2.5400
08.01.2014 00:15:33.288,1.47751,1.47551,1.3400,1.8000
08.01.2014 00:15:34.559,1.47750,1.47550,1.0900,2.2900
08.01.2014 00:15:36.024,1.47751,1.47551,2.0400,1.3800
08.01.2014 00:15:37.445,1.47750,1.47550,2.0800,2.4500
08.01.2014 00:15:38.707,1.47752,1.47552,2.0000,2.8700
08.01.2014 00:15:39.968,1.47752,1.47552,2.3300,1.6000
08.01.2014 00:15:41.473,1.47754,1.47554,2.0700,1.6500
08.01.2014 00:15:42.727,1.47755,1.47555,1.3300,2.2600
08.01.2014 00:15:43.963,1.47759,1.47559,1.2100,1.0900
08.01.2014 00:15:45.354,1.47759,1.47559,2.4700,2.4400
08.01.2014 00:15:46.722,1.47760,1.47560,1.0300,2.3700
08.01.2014 00:15:48.186,1.47761,1.47561,1.8400,2.5900
08.01.2014 00:15:49.560,1.47761,1.47561,2.4200,2.9000
08.01.2014 00:15:50.972,1.47764,1.47564,1.3300,2.7500
08.01.2014 00:15:52.260,1.47764,1.47564,2.9800,1.2300
08.01.2014 00:15:53.821,1.47764,1.47564,2.3600,2.4600
08.01.2014 00:15:54.987,1.47764,1.47564,1.1500,2.1300
08.01.2014 00:15:56.294,1.47766,1.47566,1.8000,1.7500
08.01.2014 00:15:57.714,1.47761,1.47561,2.3200,2.6900
08.01.2014 00:15:59.138,1.47760,1.47560,2.7100,1.6500
08.01.2014 00:16:00.646,1.47761,1.47561,2.3100,1.2400
08.01.2014 00:16:01.926,1.47764,1.47564,2.8000,1.2800
08.01.2014 00:16:03.225,1.47763,1.47563,1.2600,2.5400
08.01.2014 00:16:04.569,1.47763,1.47563,1.6500,1.5900
08.01.2014 00:16:05.926,1.47763,1.47563,1.7600,2.0200
08.01.2014 00:16:07.166,1.47764,1.47564,2.7800,2.6900
08.01.2014 00:16:08.435,1.47764,1.47564,2.9300,2.5600
08.01.2014 00:16:09.918,1.47765,1.47565,1.1900,2.9100
08.01.2014 00:16:11.270,1.47767,1.47567,2.4000,1.0100
08.01.2014 00:16:12.645,1.47769,1.47569,2.7500,2.9600
08.01.2014 00:16:13.898,1.47771,1.47571,2.8300,2.7500
08.01.2014 00:16:15.213,1.47772,1.47572,1.2500,1.6200
08.01.2014 00:16:16.529,1.47774,1.47574,2.7100,1.9100
08.01.2014 00:16:17.886,1.47773,1.47573,2.6100,2.8700
08.01.2014 00:16:19.389,1.47771,1.47571,2.5000,1.1800
08.01.2014 00:16:20.957,1.47774,1.47574,2.9100,2.5600
08.01.2014 00:16:22.327,1.47774,1.47574,1.2600,2.7200
08.01.2014 00:16:23.677,1.47777,1.47577,1.5900,2.1000
08.01.2014 00:16:24.860,1.47778,1.47578,2.2800,2.3500
08.01.2014 00:16:26.054,1.47778,1.47578,1.0700,2.3000
08.01.2014 00:16:27.430,1.47778,1.47578,1.3000,2.5200
08.01.2014 00:16:28.732,1.47778,1.47578,2.4500,1.9300
08.01.2014 00:16:30.165,1.47779,1.47579,2.8600,2.3400
08.01.2014 00:16:31.522,1.47777,1.47577,1.5900,1.7900
08.01.2014 00:16:32.804,1.47776,1.47576,2.9200,2.0200
08.01.2014 00:16:34.286,1.47777,1.47577,2.7300,2.1700
08.01.2014 00:16:35.604,1.47776,1.47576,1.1600,1.0300
08.01.2014 00:16:37.063,1.47778,1.47578,1.9600,2.3400
08.01.2014 00:16:38.357,1.47776,1.47576,2.2000,2.8900
08.01.2014 00:16:39.850,1.47776,1.47576,1.0100,2.7900
08.01.2014 00:16:41.257,1.47775,1.47575,1.2400,2.7600
08.01.2014 00:16:42.639,1.47778,1.47578,1.6000,1.9300
08.01.2014 00:16:44.181,1.47780,1.47580,1.9200,1.9700
08.01.2014 00:16:45.497,1.47780,1.47580,1.3400,2.9900
08.01.2014 00:16:46.941,1.47778,1.47578,1.1500,1.3200
08.01.2014 00:16:48.384,1.47778,1.47578,1.2100,1.1900
08.01.2014 00:16:49.773,1.47779,1.47579,3.0000,2.5500
08.01.2014 00:16:51.031,1.47778,1.47578,1.9400,2.8300
08.01.2014 00:16:52.638,1.47778,1.47578,2.3900,1.5400
08.01.2014 00:16:53.967,1.47777,1.47577,2.6700,1.2100
08.01.2014 00:16:55.455,1.47775,1.47575,1.7200,1.0000
08.01.2014 00:16:56.881,1.47776,1.47576,2.7200,1.7300
08.01.2014 00:16:58.203,1.47779,1.47579,2.8600,2.6700
08.01.2014 00:16:59.446,1.47782,1.47582,1.5300,1.9000
08.01.2014 00:17:00.891,1.47782,1.47582,1.8600,2.0300
08.01.2014 00:17:02.293,1.47782,1.47582,1.7400,1.8700
08.01.2014 00:17:03.524,1.47782,1.47582,2.7900,1.4800
08.01.2014 00:17:04.968,1.47780,1.47580,2.2100,1.9500
08.01.2014 00:17:06.371,1.47781,1.47581,1.8900,1.8000
08.01.2014 00:17:07.902,1.47779,1.47579,1.6500,2.6000
08.01.2014 00:17:09.215,1.47780,1.47580,2.9900,2.7500
08.01.2014 00:17:10.563,1.47782,1.47582,2.0200,1.6000
08.01.2014 00:17:12.024,1.47784,1.47584,1.5500,2.1000
08.01.2014 00:17:13.498,1.47785,1.47585,2.0300,2.5700
08.01.2014 00:17:14.907,1.47784,1.47584,2.7100,2.0600
08.01.2014 00:17:16.393,1.47785,1.47585,2.4100,2.7700
08.01.2014 00:17:17.945,1.47787,1.47587,1.6500,2.3000
08.01.2014 00:17:19.218,1.47787,1.47587,1.1600,2.1600
08.01.2014 00:17:20.576,1.47787,1.47587,1.8500,1.6900
08.01.2014 00:17:22.047,1.47787,1.47587,1.3200,2.4900
08.01.2014 00:17:23.437,1.47787,1.47587,2.7900,2.4300
08.01.2014 00:17:25.013,1.47786,1.47586,2.3000,2.7700
08.01.2014 00:17:26.351,1.47786,1.47586,1.1400,2.4600
08.01.2014 00:17:27.848,1.47784,1.47584,2.1100,2.7800
08.01.2014 00:17:29.417,1.47785,1.47585,2.1300,2.5700
08.01.2014 00:17:30.765,1.47783,1.47583,1.8900,1.9300
08.01.2014 00:17:32.077,1.47782,1.47582,2.2700,1.0200
08.01.2014 00:17:33.572,1.47785,1.47585,2.9300,2.0000
08.01.2014 00:17:35.078,1.47785,1.47585,2.2200,1.4100
08.01.2014 00:17:36.538,1.47786,1.47586,1.5100,1.5600
08.01.2014 00:17:38.120,1.47789,1.47589,1.4200,1.0500
08.01.2014 00:17:39.631,1.47789,1.47589,2.3800,2.1400
08.01.2014 00:17:40.962,1.47786,1.47586,2.7100,1.3800
08.01.2014 00:17:42.372,1.47784,1.47584,2.7900,2.8600
08.01.2014 00:17:43.728,1.47784,1.47584,2.1800,1.8700
08.01.2014 00:17:45.213,1.47786,1.47586,1.1900,1.5100
08.01.2014 00:17:46.759,1.47783,1.47583,2.4800,1.4500
08.01.2014 00:17:48.228,1.47785,1.47585,2.0700,2.8800
08.01.2014 00:17:49.581,1.47786,1.47586,2.4000,2.9600
08.01.2014 00:17:51.168,1.47789,1.47589,2.7000,2.6700
08.01.2014 00:17:52.527,1.47787,1.47587,1.2000,1.1300
08.01.2014 00:17:54.047,1.47785,1.47585,2.2600,2.7300
08.01.2014 00:17:55.627,1.47785,1.47585,2.0400,2.5300
08.01.2014 00:17:56.998,1.47786,1.47586,2.2900,1.5400
08.01.2014 00:17:58.344,1.47785,1.47585,2.8000,2.5600
08.01.2014 00:17:59.628,1.47785,1.47585,1.1300,1.7200
08.01.2014 00:18:01.068,1.47786,1.47586,1.7200,2.6000
08.01.2014 00:18:02.439,1.47789,1.47589,1.5400,1.2500
08.01.2014 00:18:03.789,1.47789,1.47589,2.7900,2.7300
08.01.2014 00:18:05.111,1.47789,1.47589,3.0000,2.2800
08.01.2014 00:18:06.321,1.47791,1.47591,2.9900,2.9900
08.01.2014 00:18:07.730,1.47791,1.47591,2.0100,2.2200
08.01.2014 00:18:08.963,1.47792,1.47592,2.8500,1.0300
08.01.2014 00:18:10.426,1.47794,1.47594,1.6300,2.2100
08.01.2014 00:18:11.963,1.47795,1.47595,1.3800,2.1500
08.01.2014 00:18:13.238,1.47796,1.47596,1.1700,1.2400
08.01.2014 00:18:14.688,1.47795,1.47595,2.4400,2.8000
08.01.2014 00:18:16.123,1.47795,1.47595,1.9200,1.0200
08.01.2014 00:18:17.706,1.47793,1.47593,2.2000,1.0400
08.01.2014 00:18:18.861,1.47792,1.47592,1.9500,1.3100
08.01.2014 00:18:20.178,1.47793,1.47593,1.0900,2.3900
08.01.2014 00:18:21.618,1.47792,1.47592,1.1800,2.7200
08.01.2014 00:18:23.047,1.47792,1.47592,1.0100,2.2400
08.01.2014 00:18:24.466,1.47794,1.47594,1.5000,1.6400
08.01.2014 00:18:25.924,1.47792,1.47592,1.5000,1.9000
08.01.2014 00:18:27.464,1.47795,1.47595,1.0800,1.3400
08.01.2014 00:18:29.032,1.47796,1.47596,2.7100,1.8100
08.01.2014 00:18:30.459,1.47796,1.47596,1.5200,1.7400
08.01.2014 00:18:31.724,1.47795,1.47595,2.8900,2.6400
08.01.2014 00:18:33.137,1.47795,1.47595,2.6200,2.9700
08.01.2014 00:18:34.550,1.47797,1.47597,1.9800,2.6400
08.01.2014 00:18:35.856,1.47797,1.47597,1.9500,1.1600
08.01.2014 00:18:37.256,1.47795,1.47595,2.4800,2.2000
08.01.2014 00:18:38.687,1.47793,1.47593,2.8800,1.9600
08.01.2014 00:18:40.053,1.47792,1.47592,2.2600,2.2300
08.01.2014 00:18:41.297,1.47795,1.47595,2.8400,2.8500
08.01.2014 00:18:42.677,1.47797,1.47597,1.2900,2.1100
08.01.2014 00:18:44.061,1.47796,1.47596,1.3900,2.6100
08.01.2014 00:18:45.541,1.47797,1.47597,2.1300,1.8600
08.01.2014 00:18:46.969,1.47795,1.47595,2.6500,1.3600
08.01.2014 00:18:48.465,1.47794,1.47594,1.5600,1.9900
08.01.2014 00:18:49.959,1.47794,1.47594,2.1000,2.9100
08.01.2014 00:18:51.419,1.47796,1.47596,1.1800,1.7900
08.01.2014 00:18:52.491,1.47796,1.47596,1.9900,2.0800
08.01.2014 00:18:53.860,1.47796,1.47596,2.3600,2.9900
08.01.2014 00:18:55.303,1.47796,1.47596,1.1100,2.4700
08.01.2014 00:18:56.564,1.47797,1.47597,2.1500,1.8300
08.01.2014 00:18:57.954,1.47796,1.47596,2.1000,2.3400
08.01.2014 00:18:59.345,1.47792,1.47592,1.9300,2.3300
08.01.2014 00:19:00.741,1.47793,1.47593,1.4200,1.3600
08.01.2014 00:19:02.089,1.47793,1.47593,1.4600,2.7600
08.01.2014 00:19:03.474,1.47795,1.47595,1.8200,3.0000
08.01.2014 00:19:04.836,1.47794,1.47594,2.0800,2.3300
08.01.2014 00:19:06.123,1.47794,1.47594,1.0200,1.7100
08.01.2014 00:19:07.468,1.47794,1.47594,2.2200,2.1000
08.01.2014 00:19:08.871,1.47792,1.47592,1.5400,1.7500
08.01.2014 00:19:10.231,1.47794,1.47594,1.3800,2.5100
08.01.2014 00:19:11.534,1.47796,1.47596,1.9400,1.4500
08.01.2014 00:19:13.217,1.47798,1.47598,1.1200,1.6200
08.01.2014 00:19:14.655,1.47800,1.47600,2.6100,1.3500
08.01.2014 00:19:16.127,1.47801,1.47601,1.6000,1.6700
08.01.2014 00:19:17.604,1.47801,1.47601,2.7800,2.0100
08.01.2014 00:19:18.924,1.47802,1.47602,1.2900,2.7400
08.01.2014 00:19:20.388,1.47802,1.47602,1.4200,2.2000
08.01.2014 00:19:21.764,1.47801,1.47601,1.3800,2.1400
08.01.2014 00:19:23.187,1.47800,1.47600,2.5100,1.7400
08.01.2014 00:19:24.611,1.47800,1.47600,2.0400,2.7700
08.01.2014 00:19:25.993,1.47799,1.47599,2.6600,1.8500
08.01.2014 00:19:27.319,1.47803,1.47603,2.1400,1.8500
08.01.2014 00:19:28.861,1.47801,1.47601,1.2300,1.0600
08.01.2014 00:19:30.262,1.47803,1.47603,1.6100,1.8400
08.01.2014 00:19:31.662,1.47802,1.47602,2.1700,2.7700
08.01.2014 00:19:32.940,1.47798,1.47598,1.9700,2.8000
08.01.2014 00:19:34.409,1.47796,1.47596,1.6500,1.9000
08.01.2014 00:19:35.813,1.47797,1.47597,2.4600,2.9300
08.01.2014 00:19:37.152,1.47796,1.47596,1.7000,1.1200
08.01.2014 00:19:38.424,1.47799,1.47599,1.5600,2.4600
08.01.2014 00:19:39.852,1.47799,1.47599,1.4200,1.5300
08.01.2014 00:19:41.206,1.47799,1.47599,2.7800,2.7700
08.01.2014 00:19:42.765,1.47797,1.47597,1.0900,2.4800
08.01.2014 00:19:44.193,1.47794,1.47594,1.6000,2.8300
08.01.2014 00:19:45.541,1.47794,1.47594,2.5400,1.9400
08.01.2014 00:19:47.176,1.47792,1.47592,2.1600,2.7500
08.01.2014 00:19:48.566,1.47791,1.47591,1.8300,1.1600
08.01.2014 00:19:49.954,1.47790,1.47590,2.4500,2.5700
08.01.2014 00:19:51.300,1.47789,1.47589,1.8300,2.6200
08.01.2014 00:19:52.765,1.47791,1.47591,1.2900,1.5300
08.01.2014 00:19:54.243,1.47792,1.47592,1.1000,2.8000
08.01.2014 00:19:55.493,1.47793,1.47593,2.7300,2.6400
08.01.2014 00:19:56.777,1.47796,1.47596,1.2100,1.7100
08.01.2014 00:19:58.227,1.47795,1.47595,2.6400,1.1700
08.01.2014 00:19:59.862,1.47795,1.47595,1.5000,1.4400
08.01.2014 00:20:01.278,1.47795,1.47595,2.8200,2.6300
08.01.2014 00:20:02.624,1.47796,1.47596,2.4200,1.8800
08.01.2014 00:20:04.103,1.47797,1.47597,2.3800,2.6700
08.01.2014 00:20:05.516,1.47799,1.47599,1.8100,2.3400
08.01.2014 00:20:06.846,1.47798,1.47598,1.3100,2.8600
08.01.2014 00:20:08.038,1.47799,1.47599,2.3900,2.5400
08.01.2014 00:20:09.348,1.47799,1.47599,2.5800,1.9900
08.01.2014 00:20:10.729,1.47802,1.47602,1.7600,2.7400
08.01.2014 00:20:12.095,1.47803,1.47603,1.0700,1.1100
08.01.2014 00:20:13.578,1.47801,1.47601,1.8200,2.5600
08.01.2014 00:20:14.979,1.47799,1.47599,1.8100,2.9400
08.01.2014 00:20:16.314,1.47799,1.47599,1.8800,2.3300
08.01.2014 00:20:17.550,1.47799,1.47599,1.4000,2.8400
08.01.2014 00:20:18.773,1.47800,1.47600,1.0100,1.5600
08.01.2014 00:20:20.230,1.47797,1.47597,2.3900,1.2700
08.01.2014 00:20:21.525,1.47799,1.47599,2.2500,1.8300
08.01.2014 00:20:22.937,1.47800,1.47600,1.0400,1.1900
08.01.2014 00:20:24.290,1.47797,1.47597,1.5600,2.6400
08.01.2014 00:20:25.803,1.47796,1.47596,1.7900,2.0100
08.01.2014 00:20:27.249,1.47794,1.47594,1.6100,1.5100
08.01.2014 00:20:28.677,1.47792,1.47592,1.6800,1.3800
08.01.2014 00:20:30.119,1.47788,1.47588,1.0500,2.3900
08.01.2014 00:20:31.510,1.47786,1.47586,2.3400,2.3100
08.01.2014 00:20:32.901,1.47789,1.47589,2.3100,2.1700
08.01.2014 00:20:34.449,1.47791,1.47591,2.1000,2.5400
08.01.2014 00:20:35.833,1.47791,1.47591,2.3900,2.0400
08.01.2014 00:20:37.181,1.47789,1.47589,2.6100,2.8200
08.01.2014 00:20:38.674,1.47789,1.47589,1.6400,1.3200
08.01.2014 00:20:40.184,1.47788,1.47588,1.6200,1.5200
08.01.2014 00:20:41.737,1.47791,1.47591,2.2100,1.9800
08.01.2014 00:20:43.109,1.47791,1.47591,1.3500,1.9400
08.01.2014 00:20:44.572,1.47789,1.47589,2.4400,1.7200
08.01.2014 00:20:45.950,1.47792,1.47592,1.6200,2.6600
08.01.2014 00:20:47.474,1.47791,1.47591,2.0500,1.0200
08.01.2014 00:20:48.839,1.47791,1.47591,1.7400,1.1200
08.01.2014 00:20:50.279,1.47788,1.47588,2.3700,1.3500
08.01.2014 00:20:51.678,1.47788,1.47588,1.0100,2.0500
08.01.2014 00:20:52.924,1.47787,1.47587,2.0000,1.9100
08.01.2014 00:20:54.373,1.47788,1.47588,2.0300,2.0700
08.01.2014 00:20:55.691,1.47787,1.47587,1.5400,1.8100
08.01.2014 00:20:57.035,1.47786,1.47586,1.0400,3.0000
08.01.2014 00:20:58.344,1.47789,1.47589,1.3900,1.7700
08.01.2014 00:20:59.813,1.47786,1.47586,2.0100,2.6800
08.01.2014 00:21:01.280,1.47787,1.47587,2.2000,1.6200
08.01.2014 00:21:02.616,1.47786,1.47586,2.2300,2.6000
08.01.2014 00:21:04.045,1.47786,1.47586,2.0200,1.1900
08.01.2014 00:21:05.543,1.47785,1.47585,2.8200,2.6200
08.01.2014 00:21:06.910,1.47786,1.47586,2.2900,1.4200
08.01.2014 00:21:08.368,1.47788,1.47588,2.7000,1.5700
08.01.2014 00:21:09.800,1.47787,1.47587,1.4600,2.5100
08.01.2014 00:21:11.207,1.47788,1.47588,2.9100,1.4600
08.01.2014 00:21:12.490,1.47786,1.47586,1.3800,2.2600
08.01.2014 00:21:14.086,1.47783,1.47583,1.8000,1.3200
08.01.2014 00:21:15.344,1.47783,1.47583,1.1100,2.7300
08.01.2014 00:21:16.856,1.47784,1.47584,2.1200,2.2700
08.01.2014 00:21:18.238,1.47784,1.47584,2.7700,1.8000
08.01.2014 00:21:19.490,1.47783,1.47583,2.4800,2.2700
08.01.2014 00:21:20.717,1.47784,1.47584,1.7700,1.9000
08.01.2014 00:21:22.247,1.47783,1.47583,2.3100,2.0100
08.01.2014 00:21:23.501,1.47783,1.47583,2.5000,1.7400
08.01.2014 00:21:24.772,1.47786,1.47586,2.7500,1.5300
08.01.2014 00:21:26.199,1.47786,1.47586,1.8100,2.3900
08.01.2014 00:21:27.652,1.47786,1.47586,1.7100,1.5100
08.01.2014 00:21:28.981,1.47789,1.47589,2.8000,1.9400
08.01.2014 00:21:30.299,1.47792,1.47592,1.2600,1.5900
08.01.2014 00:21:31.647,1.47792,1.47592,1.6600,1.6400
08.01.2014 00:21:33.227,1.47791,1.47591,1.7000,1.6800
08.01.2014 00:21:34.632,1.47790,1.47590,1.1400,1.7800
08.01.2014 00:21:36.105,1.47792,1.47592,2.9600,1.1400
08.01.2014 00:21:37.455,1.47791,1.47591,2.2800,1.1900
08.01.2014 00:21:38.809,1.47791,1.47591,1.6200,2.4400
08.01.2014 00:21:40.179,1.47792,1.47592,1.5100,1.9900
08.01.2014 00:21:41.625,1.47792,1.47592,1.4200,1.4000
08.01.2014 00:21:43.068,1.47792,1.47592,2.5900,2.9200
08.01.2014 00:21:44.440,1.47793,1.47593,2.4600,2.6600
08.01.2014 00:21:45.831,1.47787,1.47587,1.0600,1.7700
08.01.2014 00:21:47.237,1.47790,1.47590,1.6700,2.8900
08.01.2014 00:21:48.763,1.47792,1.47592,2.0500,1.3300
08.01.2014 00:21:50.047,1.47792,1.47592,2.5500,2.1700
08.01.2014 00:21:51.366,1.47793,1.47593,2.0400,1.9500
08.01.2014 00:21:52.678,1.47794,1.47594,2.1100,1.6100
08.01.2014 00:21:54.113,1.47796,1.47596,2.3300,2.0800
08.01.2014 00:21:55.680,1.47797,1.47597,1.5000,2.4200
08.01.2014 00:21:57.096,1.47797,1.47597,1.9100,1.9000
08.01.2014 00:21:58.568,1.47798,1.47598,1.5100,1.9900
08.01.2014 00:21:59.971,1.47799,1.47599,1.5100,1.6500
08.01.2014 00:22:01.354,1.47802,1.47602,1.4000,1.8200
08.01.2014 00:22:02.718,1.47800,1.47600,1.6500,2.2500
08.01.2014 00:22:04.202,1.47802,1.47602,1.0200,2.4300
08.01.2014 00:22:05.618,1.47803,1.47603,2.5000,1.2300
08.01.2014 00:22:07.090,1.47804,1.47604,1.7200,1.7100
08.01.2014 00:22:08.571,1.47803,1.47603,2.0400,1.2000
08.01.2014 00:22:10.096,1.47800,1.47600,1.2000,2.6200
08.01.2014 00:22:11.488,1.47799,1.47599,1.6500,2.2600
08.01.2014 00:22:12.667,1.47798,1.47598,2.4100,2.0100
08.01.2014 00:22:14.018,1.47798,1.47598,2.2400,2.6600
08.01.2014 00:22:15.387,1.47801,1.47601,1.5400,1.5600
08.01.2014 00:22:16.706,1.47801,1.47601,1.3100,1.0300
08.01.2014 00:22:18.207,1.47801,1.47601,2.4500,2.3200
08.01.2014 00:22:19.528,1.47799,1.47599,2.6600,1.7800
08.01.2014 00:22:20.823,1.47801,1.47601,2.6100,1.7100
08.01.2014 00:22:22.404,1.47802,1.47602,1.5800,2.0800
08.01.2014 00:22:23.865,1.47801,1.47601,1.6300,2.9900
08.01.2014 00:22:25.296,1.47799,1.47599,2.0200,1.4500
08.01.2014 00:22:26.715,1.47798,1.47598,2.7500,2.0700
08.01.2014 00:22:28.098,1.47798,1.47598,1.1900,1.1900
08.01.2014 00:22:29.294,1.47799,1.47599,2.2200,1.7400
08.01.2014 00:22:30.584,1.47798,1.47598,1.4900,1.8600
08.01.2014 00:22:32.004,1.47798,1.47598,2.1000,1.0600
08.01.2014 00:22:33.469,1.47797,1.47597,1.2600,1.8000
08.01.2014 00:22:34.968,1.47793,1.47593,1.4600,1.5500
08.01.2014 00:22:36.262,1.47793,1.47593,1.1500,1.2400
08.01.2014 00:22:37.558,1.47793,1.47593,1.5500,1.3900
08.01.2014 00:22:38.895,1.47798,1.47598,1.0300,2.2200
08.01.2014 00:22:40.318,1.47798,1.47598,2.3400,1.3000
08.01.2014 00:22:41.800,1.47797,1.47597,2.0500,2.7200
08.01.2014 00:22:43.212,1.47796,1.47596,2.4100,2.4300
08.01.2014 00:22:44.522,1.47796,1.47596,2.6300,2.6600
08.01.2014 00:22:46.074,1.47796,1.47596,2.9000,2.1700
08.01.2014 00:22:47.371,1.47795,1.47595,1.5800,2.0600
08.01.2014 00:22:48.818,1.47791,1.47591,2.0700,2.3800
08.01.2014 00:22:50.170,1.47788,1.47588,2.8800,1.1900
08.01.2014 00:22:51.574,1.47785,1.47585,1.9500,1.4000
08.01.2014 00:22:52.996,1.47783,1.47583,2.1100,2.8500
08.01.2014 00:22:54.480,1.47782,1.47582,1.5300,1.8800
08.01.2014 00:22:56.005,1.47784,1.47584,1.0800,2.9200
08.01.2014 00:22:57.269,1.47783,1.47583,2.5600,2.2100
08.01.2014 00:22:58.638,1.47782,1.47582,1.0600,2.7800
08.01.2014 00:23:00.106,1.47782,1.47582,2.6300,1.4800
08.01.2014 00:23:01.361,1.47779,1.47579,2.1500,1.7300
08.01.2014 00:23:02.752,1.47780,1.47580,1.5500,1.8400
08.01.2014 00:23:03.994,1.47779,1.47579,1.6300,1.0600
08.01.2014 00:23:05.412,1.47782,1.47582,1.0600,1.7900
08.01.2014 00:23:06.779,1.47782,1.47582,2.4900,2.7200
08.01.2014 00:23:08.167,1.47782,1.47582,2.8600,1.3600
08.01.2014 00:23:09.730,1.47784,1.47584,2.6800,1.2300
08.01.2014 00:23:11.061,1.47781,1.47581,1.8100,2.0200
08.01.2014 00:23:12.593,1.47784,1.47584,1.9800,2.3800
08.01.2014 00:23:14.080,1.47785,1.47585,2.0500,1.1300
08.01.2014 00:23:15.562,1.47786,1.47586,1.0200,1.1100
08.01.2014 00:23:16.891,1.47784,1.47584,1.8600,2.9200
08.01.2014 00:23:18.377,1.47785,1.47585,2.1600,1.9500
08.01.2014 00:23:19.740,1.47784,1.47584,2.8900,2.8800
08.01.2014 00:23:21.085,1.47786,1.47586,2.9500,1.7300
08.01.2014 00:23:22.579,1.47788,1.47588,1.9400,1.8800
08.01.2014 00:23:24.003,1.47787,1.47587,1.6300,2.7500
08.01.2014 00:23:25.397,1.47789,1.47589,1.5600,1.6200
08.01.2014 00:23:26.772,1.47789,1.47589,1.5000,1.9100
08.01.2014 00:23:28.113,1.47786,1.47586,2.3100,1.5900
08.01.2014 00:23:29.658,1.47787,1.47587,1.7300,2.9400
08.01.2014 00:23:30.942,1.47786,1.47586,1.6800,1.5100
08.01.2014 00:23:32.461,1.47787,1.47587,2.4800,2.9200
08.01.2014 00:23:33.756,1.47785,1.47585,1.5000,1.6200
08.01.2014 00:23:35.118,1.47788,1.47588,2.2900,1.2600
08.01.2014 00:23:36.329,1.47787,1.47587,2.6600,2.9900
08.01.2014 00:23:37.566,1.47784,1.47584,2.3800,2.4800
08.01.2014 00:23:39.052,1.47783,1.47583,1.1400,2.5000
08.01.2014 00:23:40.479,1.47785,1.47585,1.0900,2.4900
08.01.2014 00:23:41.941,1.47786,1.47586,2.3300,1.6100
08.01.2014 00:23:43.288,1.47785,1.47585,2.2500,1.4100
08.01.2014 00:23:44.617,1.47785,1.47585,1.9400,1.5800
08.01.2014 00:23:45.979,1.47786,1.47586,2.4100,2.6800
08.01.2014 00:23:47.393,1.47786,1.47586,1.8300,2.4500
08.01.2014 00:23:48.902,1.47785,1.47585,1.9300,1.9300
08.01.2014 00:23:50.376,1.47787,1.47587,2.0900,1.7500
08.01.2014 00:23:51.688,1.47786,1.47586,2.5500,1.1600
08.01.2014 00:23:53.086,1.47785,1.47585,1.7000,2.0100
08.01.2014 00:23:54.435,1.47782,1.47582,2.9700,2.9600
08.01.2014 00:23:55.742,1.47781,1.47581,1.3000,1.1200
08.01.2014 00:23:57.148,1.47779,1.47579,2.6700,2.4200
08.01.2014 00:23:58.524,1.47779,1.47579,1.9800,2.8900
08.01.2014 00:23:59.771,1.47782,1.47582,1.2200,1.0500
08.01.2014 00:24:01.191,1.47782,1.47582,2.6500,1.0900
08.01.2014 00:24:02.499,1.47784,1.47584,2.4700,1.3900
08.01.2014 00:24:04.093,1.47785,1.47585,1.1900,1.6400
08.01.2014 00:24:05.637,1.47786,1.47586,2.8300,2.2800
08.01.2014 00:24:07.156,1.47786,1.47586,2.7700,2.6500
08.01.2014 00:24:08.406,1.47790,1.47590,2.7200,2.0200
08.01.2014 00:24:09.812,1.47789,1.47589,2.9600,2.3400
08.01.2014 00:24:11.049,1.47789,1.47589,2.8700,2.9900
08.01.2014 00:24:12.437,1.47789,1.47589,2.8600,1.1900
08.01.2014 00:24:13.865,1.47790,1.47590,1.3400,1.1400
08.01.2014 00:24:15.185,1.47791,1.47591,1.3500,2.8000
08.01.2014 00:24:16.500,1.47792,1.47592,2.2500,1.3400
08.01.2014 00:24:17.960,1.47796,1.47596,1.3700,1.0600
08.01.2014 00:24:19.516,1.47798,1.47598,2.9500,2.5200
08.01.2014 00:24:20.748,1.47796,1.47596,2.2100,2.3800
08.01.2014 00:24:22.242,1.47792,1.47592,2.0500,2.8500
08.01.2014 00:24:23.585,1.47791,1.47591,1.2800,1.4600
08.01.2014 00:24:24.984,1.47794,1.47594,2.5000,1.6500
08.01.2014 00:24:26.289,1.47792,1.47592,1.2100,1.3200
08.01.2014 00:24:27.779,1.47794,1.47594,2.2300,1.2100
08.01.2014 00:24:29.119,1.47794,1.47594,2.3300,2.3800
08.01.2014 00:24:30.472,1.47792,1.47592,1.4400,1.8300
08.01.2014 00:24:31.941,1.47793,1.47593,2.1300,2.0700
08.01.2014 00:24:33.294,1.47793,1.47593,1.3500,1.5200
08.01.2014 00:24:34.767,1.47790,1.47590,2.9900,2.2400
08.01.2014 00:24:36.197,1.47788,1.47588,1.6300,1.1000
08.01.2014 00:24:37.617,1.47786,1.47586,2.6400,2.1800
08.01.2014 00:24:39.125,1.47784,1.47584,2.2700,1.6000
08.01.2014 00:24:40.468,1.47784,1.47584,1.9500,2.5600
08.01.2014 00:24:41.789,1.47786,1.47586,2.6600,1.9000
08.01.2014 00:24:43.172,1.47787,1.47587,1.3100,1.1500
08.01.2014 00:24:44.627,1.47786,1.47586,2.2000,1.1100
08.01.2014 00:24:46.121,1.47786,1.47586,1.9700,1.1900
08.01.2014 00:24:47.382,1.47788,1.47588,2.5300,2.5500
08.01.2014 00:24:48.650,1.47788,1.47588,1.3000,1.9600
08.01.2014 00:24:50.144,1.47787,1.47587,1.6900,2.1500
08.01.2014 00:24:51.457,1.47787,1.47587,2.8900,2.1700
08.01.2014 00:24:52.935,1.47784,1.47584,2.3100,1.0700
08.01.2014 00:24:54.327,1.47781,1.47581,2.4200,2.9200
08.01.2014 00:24:55.915,1.47780,1.47580,1.5400,1.3700
08.01.2014 00:24:57.287,1.47779,1.47579,2.5300,2.5900
08.01.2014 00:24:58.634,1.47780,1.47580,2.3100,1.9000
08.01.2014 00:25:00.043,1.47780,1.47580,2.3400,2.0400
08.01.2014 00:25:01.238,1.47780,1.47580,2.2600,2.0600
08.01.2014 00:25:02.719,1.47780,1.47580,1.8300,1.7500
08.01.2014 00:25:03.973,1.47782,1.47582,1.7700,2.3600
08.01.2014 00:25:05.193,1.47781,1.47581,2.5700,2.1200
08.01.2014 00:25:06.614,1.47781,1.47581,2.3600,2.1400
08.01.2014 00:25:07.950,1.47780,1.47580,2.9600,1.2900
08.01.2014 00:25:09.235,1.47780,1.47580,2.0400,2.2500
08.01.2014 00:25:10.625,1.47779,1.47579,2.8300,2.5700
08.01.2014 00:25:11.932,1.47779,1.47579,2.2700,2.3000
08.01.2014 00:25:13.277,1.47776,1.47576,1.9200,1.6500
08.01.2014 00:25:14.638,1.47776,1.47576,1.1800,2.4700
08.01.2014 00:25:16.079,1.47777,1.47577,1.4800,2.8600
08.01.2014 00:25:17.466,1.47777,1.47577,2.3600,1.2100
08.01.2014 00:25:18.752,1.47778,1.47578,2.2700,2.4000
08.01.2014 00:25:20.108,1.47780,1.47580,2.6100,1.6700
08.01.2014 00:25:21.495,1.47781,1.47581,2.2000,1.9600
08.01.2014 00:25:22.744,1.47780,1.47580,1.6400,1.0000
08.01.2014 00:25:24.229,1.47778,1.47578,1.2200,2.0100
08.01.2014 00:25:25.553,1.47779,1.47579,2.5100,1.1300
08.01.2014 00:25:27.125,1.47778,1.47578,2.7700,1.2300
08.01.2014 00:25:28.561,1.47779,1.47579,1.4300,1.0900
08.01.2014 00:25:29.841,1.47778,1.47578,2.3200,2.5800
08.01.2014 00:25:31.184,1.47776,1.47576,1.5400,1.0200
08.01.2014 00:25:32.570,1.47777,1.47577,1.2000,1.4500
08.01.2014 00:25:33.911,1.47778,1.47578,1.9000,1.7000
08.01.2014 00:25:35.189,1.47779,1.47579,2.4600,2.9900
08.01.2014 00:25:36.666,1.47779,1.47579,2.8200,2.9000
08.01.2014 00:25:38.161,1.47775,1.47575,1.7000,1.4700
08.01.2014 00:25:39.715,1.47776,1.47576,1.7300,2.1500
08.01.2014 00:25:40.959,1.47774,1.47574,2.6900,2.1900
08.01.2014 00:25:42.421,1.47773,1.47573,1.6500,1.8500
08.01.2014 00:25:43.776,1.47773,1.47573,1.7600,2.4000
08.01.2014 00:25:45.237,1.47773,1.47573,1.5200,1.6000
08.01.2014 00:25:46.810,1.47772,1.47572,1.3900,2.7400
08.01.2014 00:25:48.162,1.47773,1.47573,1.4900,2.3500
08.01.2014 00:25:49.611,1.47770,1.47570,2.7800,2.8400
08.01.2014 00:25:50.961,1.47770,1.47570,1.2400,2.4500
08.01.2014 00:25:52.294,1.47771,1.47571,2.7400,1.0400
08.01.2014 00:25:53.724,1.47772,1.47572,2.9200,2.6500
08.01.2014 00:25:54.991,1.47770,1.47570,2.0200,2.7600
08.01.2014 00:25:56.292,1.47770,1.47570,1.9000,1.9400
08.01.2014 00:25:57.844,1.47769,1.47569,1.1500,2.8300
08.01.2014 00:25:59.252,1.47769,1.47569,2.5000,2.3400
08.01.2014 00:26:00.494,1.47770,1.47570,2.4300,1.1800
08.01.2014 00:26:01.921,1.47771,1.47571,2.3900,1.6700
08.01.2014 00:26:03.171,1.47766,1.47566,1.0800,2.8800
08.01.2014 00:26:04.593,1.47764,1.47564,1.9100,1.3700
08.01.2014 00:26:05.914,1.47766,1.47566,2.7000,2.2200
08.01.2014 00:26:07.255,1.47765,1.47565,2.9400,2.9100
08.01.2014 00:26:08.612,1.47765,1.47565,2.4200,1.7400
08.01.2014 00:26:09.806,1.47764,1.47564,2.6600,2.8700
08.01.2014 00:26:11.239,1.47765,1.47565,3.0000,1.0600
08.01.2014 00:26:12.396,1.47764,1.47564,2.6000,1.6100
08.01.2014 00:26:13.720,1.47763,1.47563,1.8300,1.9700
08.01.2014 00:26:15.051,1.47764,1.47564,2.5900,1.7400
08.01.2014 00:26:16.392,1.47764,1.47564,2.4300,1.6900
08.01.2014 00:26:17.920,1.47763,1.47563,2.7300,2.7200
08.01.2014 00:26:19.310,1.47764,1.47564,2.4900,2.4900
08.01.2014 00:26:20.711,1.47764,1.47564,1.4600,2.7400
08.01.2014 00:26:22.150,1.47764,1.47564,2.5800,1.1800
08.01.2014 00:26:23.761,1.47765,1.47565,2.2000,1.5600
08.01.2014 00:26:25.144,1.47764,1.47564,2.1500,2.8400
08.01.2014 00:26:26.639,1.47762,1.47562,2.5800,1.7800
08.01.2014 00:26:28.031,1.47766,1.47566,2.7500,1.4600
08.01.2014 00:26:29.380,1.47764,1.47564,2.7900,2.1500
08.01.2014 00:26:30.778,1.47768,1.47568,2.4600,1.3100
08.01.2014 00:26:32.375,1.47766,1.47566,1.0100,1.2300
08.01.2014 00:26:33.716,1.47767,1.47567,2.6800,2.9800
08.01.2014 00:26:35.156,1.47771,1.47571,2.9200,1.5200
08.01.2014 00:26:36.505,1.47771,1.47571,1.7800,2.5900
08.01.2014 00:26:37.824,1.47769,1.47569,2.1800,1.2500
08.01.2014 00:26:39.159,1.47767,1.47567,1.7500,1.4400
08.01.2014 00:26:40.599,1.47766,1.47566,1.0700,1.2500
08.01.2014 00:26:42.118,1.47762,1.47562,1.2100,1.0000
08.01.2014 00:26:43.510,1.47760,1.47560,2.8300,2.0200
08.01.2014 00:26:44.813,1.47758,1.47558,1.7800,1.2600
08.01.2014 00:26:46.356,1.47760,1.47560,1.8200,1.7700
08.01.2014 00:26:47.708,1.47762,1.47562,2.2600,2.6800
08.01.2014 00:26:49.209,1.47757,1.47557,2.7800,2.3400
08.01.2014 00:26:50.563,1.47758,1.47558,2.2700,1.1400
08.01.2014 00:26:51.969,1.47760,1.47560,1.4900,1.6400
08.01.2014 00:26:53.562,1.47759,1.47559,2.0400,2.5300
08.01.2014 00:26:54.816,1.47760,1.47560,2.8800,1.6000
08.01.2014 00:26:56.315,1.47759,1.47559,2.6800,1.6600
08.01.2014 00:26:57.717,1.47761,1.47561,1.3900,2.1000
08.01.2014 00:26:59.006,1.47761,1.47561,2.3300,1.7100
08.01.2014 00:27:00.486,1.47759,1.47559,1.8900,1.7600
08.01.2014 00:27:01.753,1.47760,1.47560,1.1000,1.3000
08.01.2014 00:27:02.934,1.47759,1.47559,1.0300,2.8900
08.01.2014 00:27:04.252,1.47757,1.47557,2.7200,2.4200
08.01.2014 00:27:05.673,1.47758,1.47558,1.5200,1.4100
08.01.2014 00:27:07.143,1.47756,1.47556,1.1400,1.7400
08.01.2014 00:27:08.460,1.47757,1.47557,1.1100,2.9300
08.01.2014 00:27:09.957,1.47759,1.47559,2.8900,2.7300
08.01.2014 00:27:11.393,1.47756,1.47556,1.0100,1.8800
08.01.2014 00:27:12.845,1.47755,1.47555,1.3200,1.1500
08.01.2014 00:27:13.996,1.47755,1.47555,1.2800,2.1600
08.01.2014 00:27:15.388,1.47756,1.47556,1.8300,1.1900
08.01.2014 00:27:16.913,1.47758,1.47558,1.9500,1.5000
08.01.2014 00:27:18.313,1.47757,1.47557,2.7600,1.3900
08.01.2014 00:27:19.659,1.47758,1.47558,2.9300,2.8900
08.01.2014 00:27:21.315,1.47757,1.47557,1.1300,2.7700
08.01.2014 00:27:22.707,1.47758,1.47558,1.2600,2.3400
08.01.2014 00:27:24.291,1.47760,1.47560,1.5400,1.5600
08.01.2014 00:27:25.879,1.47759,1.47559,1.2500,2.7300
08.01.2014 00:27:27.380,1.47761,1.47561,2.6500,2.9500
08.01.2014 00:27:28.782,1.47761,1.47561,2.6800,1.5900
08.01.2014 00:27:29.922,1.47761,1.47561,2.7900,1.8800
08.01.2014 00:27:31.337,1.47759,1.47559,2.3800,2.3400
08.01.2014 00:27:32.799,1.47756,1.47556,1.4500,2.7900
08.01.2014 00:27:34.387,1.47756,1.47556,2.8800,1.4600
08.01.2014 00:27:35.803,1.47753,1.47553,2.8700,2.8500
08.01.2014 00:27:37.235,1.47753,1.47553,1.6000,2.0700
08.01.2014 00:27:38.694,1.47751,1.47551,2.8000,2.4900
08.01.2014 00:27:39.995,1.47750,1.47550,1.9000,2.7700
08.01.2014 00:27:41.316,1.47750,1.47550,2.4000,1.1400
08.01.2014 00:27:42.726,1.47750,1.47550,2.0400,1.4600
08.01.2014 00:27:43.983,1.47748,1.47548,1.7600,2.9100
08.01.2014 00:27:45.431,1.47749,1.47549,1.9400,1.7600
08.01.2014 00:27:46.876,1.47748,1.47548,1.0400,2.5400
08.01.2014 00:27:48.363,1.47751,1.47551,1.4700,1.8300
08.01.2014 00:27:49.567,1.47754,1.47554,2.7600,2.3100
08.01.2014 00:27:50.903,1.47755,1.47555,2.8600,2.7800
08.01.2014 00:27:52.291,1.47756,1.47556,1.6000,1.9200
08.01.2014 00:27:53.502,1.47757,1.47557,2.0400,2.4000
08.01.2014 00:27:54.932,1.47757,1.47557,1.8400,1.8400
08.01.2014 00:27:56.377,1.47758,1.47558,2.2000,1.3500
08.01.2014 00:27:57.891,1.47755,1.47555,1.0400,1.0900
08.01.2014 00:27:59.235,1.47754,1.47554,1.4300,2.8600
08.01.2014 00:28:00.698,1.47753,1.47553,1.1700,1.2100
08.01.2014 00:28:02.024,1.47754,1.47554,2.6300,2.2500
08.01.2014 00:28:03.315,1.47754,1.47554,2.0300,1.5200
08.01.2014 00:28:04.599,1.47754,1.47554,2.7800,1.3500
08.01.2014 00:28:06.067,1.47753,1.47553,2.4800,2.7100
08.01.2014 00:28:07.452,1.47753,1.47553,2.0800,1.6800
08.01.2014 00:28:08.875,1.47754,1.47554,2.1500,1.9600
08.01.2014 00:28:10.429,1.47755,1.47555,2.0500,2.2600
08.01.2014 00:28:11.805,1.47753,1.47553,2.7200,2.2900
08.01.2014 00:28:13.136,1.47752,1.47552,2.0300,1.7000
08.01.2014 00:28:14.723,1.47754,1.47554,1.7400,2.8100
08.01.2014 00:28:16.279,1.47755,1.47555,1.1600,2.7500
08.01.2014 00:28:17.914,1.47754,1.47554,1.5300,1.7100
08.01.2014 00:28:19.364,1.47752,1.47552,1.5100,1.9900
08.01.2014 00:28:20.757,1.47753,1.47553,1.9700,2.2100
08.01.2014 00:28:22.037,1.47752,1.47552,2.6100,2.2200
08.01.2014 00:28:23.402,1.47755,1.47555,2.7800,1.4100
08.01.2014 00:28:24.809,1.47753,1.47553,1.7000,2.9600
08.01.2014 00:28:26.065,1.47756,1.47556,1.4400,2.6900
08.01.2014 00:28:27.407,1.47754,1.47554,1.3900,2.0000
08.01.2014 00:28:28.950,1.47753,1.47553,2.7700,1.4500
08.01.2014 00:28:30.482,1.47753,1.47553,2.2700,1.7900
08.01.2014 00:28:31.837,1.47753,1.47553,2.1300,1.3600
08.01.2014 00:28:33.199,1.47752,1.47552,1.6600,1.9000
08.01.2014 00:28:34.718,1.47751,1.47551,2.2700,1.3000
08.01.2014 00:28:36.149,1.47750,1.47550,1.5400,2.5900
08.01.2014 00:28:37.583,1.47750,1.47550,2.2900,1.9500
08.01.2014 00:28:38.854,1.47748,1.47548,1.7500,1.0300
08.01.2014 00:28:40.300,1.47751,1.47551,1.3800,1.9300
08.01.2014 00:28:41.607,1.47750,1.47550,1.6000,1.5600
08.01.2014 00:28:43.174,1.47749,1.47549,1.8200,2.3800
08.01.2014 00:28:44.495,1.47752,1.47552,2.8800,1.3300
08.01.2014 00:28:45.907,1.47749,1.47549,2.3700,2.6800
08.01.2014 00:28:47.340,1.47751,1.47551,1.8700,1.4600
08.01.2014 00:28:48.885,1.47753,1.47553,2.1300,2.0000
08.01.2014 00:28:50.400,1.47755,1.47555,2.9900,2.3800
08.01.2014 00:28:51.735,1.47760,1.47560,2.2100,1.2200
08.01.2014 00:28:53.102,1.47760,1.47560,2.5000,2.4900
08.01.2014 00:28:54.566,1.47759,1.47559,1.4000,1.5500
08.01.2014 00:28:55.930,1.47759,1.47559,1.9000,1.9300
08.01.2014 00:28:57.307,1.47758,1.47558,2.5200,2.0900
08.01.2014 00:28:58.720,1.47758,1.47558,1.6200,2.7400
08.01.2014 00:29:00.322,1.47760,1.47560,2.8800,2.8700
08.01.2014 00:29:01.868,1.47758,1.47558,1.9800,2.3400
08.01.2014 00:29:03.222,1.47757,1.47557,2.4700,1.5600
08.01.2014 00:29:04.556,1.47755,1.47555,1.3800,2.5400
08.01.2014 00:29:05.959,1.47756,1.47556,2.7600,2.6600
08.01.2014 00:29:07.344,1.47757,1.47557,2.1100,1.5900
08.01.2014 00:29:08.813,1.47758,1.47558,1.4000,2.1600
08.01.2014 00:29:10.164,1.47753,1.47553,2.0600,2.6700
08.01.2014 00:29:11.652,1.47756,1.47556,1.2500,1.2900
08.01.2014 00:29:12.932,1.47757,1.47557,2.8900,2.2000
08.01.2014 00:29:14.365,1.47756,1.47556,2.8900,1.3900
08.01.2014 00:29:15.913,1.47756,1.47556,1.0400,2.9800
08.01.2014 00:29:17.286,1.47758,1.47558,1.8300,2.1800
08.01.2014 00:29:18.852,1.47756,1.47556,2.6000,2.0300
08.01.2014 00:29:20.250,1.47759,1.47559,2.6100,1.7200
08.01.2014 00:29:21.723,1.47760,1.47560,2.8600,2.5900
08.01.2014 00:29:23.038,1.47761,1.47561,2.2600,1.2600
08.01.2014 00:29:24.430,1.47760,1.47560,1.4100,1.5500
08.01.2014 00:29:25.700,1.47760,1.47560,2.4900,1.8800
08.01.2014 00:29:27.137,1.47760,1.47560,1.7200,2.6500
08.01.2014 00:29:28.640,1.47757,1.47557,2.6900,1.2000
08.01.2014 00:29:29.903,1.47757,1.47557,2.0800,1.6500
08.01.2014 00:29:31.257,1.47754,1.47554,2.3700,2.7600
08.01.2014 00:29:32.642,1.47753,1.47553,2.6600,1.2300
08.01.2014 00:29:34.143,1.47752,1.47552,1.0100,2.2900
08.01.2014 00:29:35.696,1.47753,1.47553,1.9800,1.4800
08.01.2014 00:29:37.101,1.47752,1.47552,1.3700,1.0900
08.01.2014 00:29:38.490,1.47749,1.47549,1.2900,1.3400
08.01.2014 00:29:39.763,1.47748,1.47548,1.0100,1.0700
08.01.2014 00:29:41.128,1.47748,1.47548,2.4100,2.3100
08.01.2014 00:29:42.535,1.47750,1.47550,2.7000,1.3700
08.01.2014 00:29:43.940,1.47752,1.47552,2.9600,2.7800
08.01.2014 00:29:45.352,1.47753,1.47553,1.7900,2.5400
08.01.2014 00:29:46.670,1.47751,1.47551,1.4700,1.4700
08.01.2014 00:29:47.897,1.47750,1.47550,2.6100,1.4100
08.01.2014 00:29:49.454,1.47754,1.47554,2.8700,1.2400
08.01.2014 00:29:50.762,1.47753,1.47553,2.7500,2.8500
08.01.2014 00:29:52.253,1.47754,1.47554,2.6900,2.2800
08.01.2014 00:29:53.494,1.47756,1.47556,1.6600,1.0600
08.01.2014 00:29:55.082,1.47753,1.47553,1.2100,1.6700
08.01.2014 00:29:56.722,1.47754,1.47554,1.8000,2.1900
08.01.2014 00:29:58.160,1.47755,1.47555,1.2800,1.3900
08.01.2014 00:29:59.384,1.47755,1.47555,2.7800,1.4300
08.01.2014 00:30:00.959,1.47754,1.47554,2.0400,1.5800
08.01.2014 00:30:02.291,1.47752,1.47552,2.5000,2.4400
08.01.2014 00:30:03.776,1.47754,1.47554,2.0200,2.9600
08.01.2014 00:30:05.254,1.47753,1.47553,2.1300,2.1500
08.01.2014 00:30:06.787,1.47756,1.47556,2.2300,1.3500
08.01.2014 00:30:08.136,1.47758,1.47558,2.7500,1.1900
08.01.2014 00:30:09.331,1.47758,1.47558,2.6900,2.4500
08.01.2014 00:30:10.607,1.47760,1.47560,1.8800,1.6600
08.01.2014 00:30:11.819,1.47761,1.47561,1.0300,2.2200
08.01.2014 00:30:13.290,1.47759,1.47559,1.6100,2.6800
08.01.2014 00:30:14.738,1.47760,1.47560,1.5500,2.5900
08.01.2014 00:30:16.089,1.47760,1.47560,1.1600,1.6700
08.01.2014 00:30:17.717,1.47760,1.47560,2.9000,1.3900
08.01.2014 00:30:19.159,1.47760,1.47560,1.2400,1.2100
08.01.2014 00:30:20.368,1.47760,1.47560,1.1000,2.2800
08.01.2014 00:30:21.669,1.47762,1.47562,2.2300,2.5700
08.01.2014 00:30:23.132,1.47763,1.47563,1.1700,2.2000
08.01.2014 00:30:24.582,1.47764,1.47564,1.4000,2.5700
08.01.2014 00:30:25.975,1.47763,1.47563,2.1500,1.2400
08.01.2014 00:30:27.521,1.47760,1.47560,2.6400,1.8700
08.01.2014 00:30:29.008,1.47759,1.47559,1.2300,1.6000
08.01.2014 00:30:30.550,1.47757,1.47557,2.8300,1.5700
08.01.2014 00:30:32.025,1.47755,1.47555,1.4800,1.2600
08.01.2014 00:30:33.429,1.47755,1.47555,1.0200,1.8600
08.01.2014 00:30:34.738,1.47756,1.47556,2.0700,1.9200
08.01.2014 00:30:36.047,1.47756,1.47556,2.6200,2.3600
08.01.2014 00:30:37.493,1.47755,1.47555,2.7900,1.2600
08.01.2014 00:30:38.929,1.47759,1.47559,2.5100,1.5500
08.01.2014 00:30:40.232,1.47760,1.47560,1.9900,1.9200
08.01.2014 00:30:41.667,1.47758,1.47558,2.3400,1.1800
08.01.2014 00:30:43.261,1.47761,1.47561,2.7100,2.6100
08.01.2014 00:30:44.461,1.47763,1.47563,2.1600,1.0400
08.01.2014 00:30:45.783,1.47764,1.47564,1.8300,2.8700
08.01.2014 00:30:47.154,1.47764,1.47564,2.9300,2.2200
08.01.2014 00:30:48.572,1.47765,1.47565,1.6000,2.5200
08.01.2014 00:30:49.887,1.47764,1.47564,2.2200,2.0500
08.01.2014 00:30:51.411,1.47763,1.47563,1.0500,1.4200
08.01.2014 00:30:52.685,1.47765,1.47565,1.5600,1.4300
08.01.2014 00:30:54.160,1.47764,1.47564,2.4500,2.8700
08.01.2014 00:30:55.556,1.47767,1.47567,2.4300,2.3000
08.01.2014 00:30:57.092,1.47769,1.47569,2.0100,2.4000
08.01.2014 00:30:58.410,1.47771,1.47571,2.2300,1.9900
08.01.2014 00:30:59.717,1.47773,1.47573,1.4800,2.7800
08.01.2014 00:31:01.183,1.47774,1.47574,1.4000,2.7300
08.01.2014 00:31:02.589,1.47773,1.47573,2.5300,1.8000
08.01.2014 00:31:03.860,1.47773,1.47573,2.7100,1.9000
08.01.2014 00:31:05.272,1.47771,1.47571,2.1400,2.6200
08.01.2014 00:31:06.727,1.47772,1.47572,2.4700,2.1600
08.01.2014 00:31:08.264,1.47771,1.47571,2.6100,2.2500
08.01.2014 00:31:09.762,1.47773,1.47573,1.9200,2.6000
08.01.2014 00:31:11.042,1.47775,1.47575,1.8700,1.2000
08.01.2014 00:31:12.372,1.47775,1.47575,2.0100,1.2000
08.01.2014 00:31:13.784,1.47776,1.47576,2.2800,1.1600
08.01.2014 00:31:15.162,1.47776,1.47576,1.5400,2.8100
08.01.2014 00:31:16.825,1.47774,1.47574,1.3500,1.5900
08.01.2014 00:31:18.117,1.47771,1.47571,2.9200,1.1700
08.01.2014 00:31:19.506,1.47771,1.47571,2.8700,1.5700
08.01.2014 00:31:20.853,1.47769,1.47569,2.0600,2.3500
08.01.2014 00:31:22.236,1.47768,1.47568,2.1100,1.8100
08.01.2014 00:31:23.525,1.47767,1.47567,1.1500,1.9600
08.01.2014 00:31:24.976,1.47764,1.47564,2.5300,1.2100
08.01.2014 00:31:26.420,1.47764,1.47564,2.1100,2.2200
08.01.2014 00:31:27.776,1.47764,1.47564,2.1400,2.7600
08.01.2014 00:31:29.154,1.47764,1.47564,1.5200,2.8400
08.01.2014 00:31:30.494,1.47765,1.47565,2.1300,2.6300
08.01.2014 00:31:31.799,1.47762,1.47562,1.1800,2.4100
08.01.2014 00:31:33.153,1.47759,1.47559,2.7200,1.3300
08.01.2014 00:31:34.553,1.47756,1.47556,1.4700,1.7500
08.01.2014 00:31:36.127,1.47760,1.47560,2.6200,1.7900
08.01.2014 00:31:37.694,1.47757,1.47557,2.0700,2.2900
08.01.2014 00:31:39.162,1.47757,1.47557,2.1000,1.9000
08.01.2014 00:31:40.773,1.47759,1.47559,2.3800,1.4100
08.01.2014 00:31:42.135,1.47760,1.47560,2.0800,2.1200
08.01.2014 00:31:43.494,1.47761,1.47561,2.3200,2.9800
08.01.2014 00:31:44.879,1.47761,1.47561,1.7100,1.9900
08.01.2014 00:31:46.285,1.47762,1.47562,2.8300,2.9500
08.01.2014 00:31:47.634,1.47762,1.47562,1.0100,2.8200
08.01.2014 00:31:49.034,1.47762,1.47562,1.1400,1.2500
08.01.2014 00:31:50.546,1.47765,1.47565,2.7000,1.5200
08.01.2014 00:31:51.804,1.47764,1.47564,2.1400,1.1700
08.01.2014 00:31:53.257,1.47763,1.47563,1.1000,1.1000
08.01.2014 00:31:54.592,1.47762,1.47562,2.2400,1.4200
08.01.2014 00:31:55.968,1.47762,1.47562,1.2900,1.6300
08.01.2014 00:31:57.337,1.47762,1.47562,2.3000,2.5300
08.01.2014 00:31:58.672,1.47763,1.47563,1.9100,1.8200
08.01.2014 00:32:00.179,1.47764,1.47564,1.5000,2.2400
08.01.2014 00:32:01.472,1.47764,1.47564,1.9800,1.9100
08.01.2014 00:32:02.916,1.47763,1.47563,1.2900,2.6200
08.01.2014 00:32:04.293,1.47765,1.47565,1.6900,2.4900
08.01.2014 00:32:05.728,1.47763,1.47563,2.8800,1.7400
08.01.2014 00:32:07.054,1.47764,1.47564,2.9000,2.3500
08.01.2014 00:32:08.605,1.47764,1.47564,1.9700,1.9200
08.01.2014 00:32:09.839,1.47765,1.47565,1.5700,1.5200
08.01.2014 00:32:11.256,1.47763,1.47563,2.1700,2.3200
08.01.2014 00:32:12.743,1.47765,1.47565,1.8400,1.9300
08.01.2014 00:32:14.040,1.47762,1.47562,2.5100,2.2000
08.01.2014 00:32:15.492,1.47761,1.47561,2.3600,1.4100
08.01.2014 00:32:16.792,1.47762,1.47562,2.9500,1.7000
08.01.2014 00:32:18.311,1.47762,1.47562,2.0500,2.1400
08.01.2014 00:32:19.821,1.47764,1.47564,2.3900,2.7200
08.01.2014 00:32:21.112,1.47764,1.47564,2.1200,2.6700
08.01.2014 00:32:22.338,1.47765,1.47565,1.7800,2.5500
08.01.2014 00:32:23.884,1.47764,1.47564,2.6900,2.8700
08.01.2014 00:32:25.306,1.47764,1.47564,2.3900,1.7500
08.01.2014 00:32:26.769,1.47765,1.47565,2.8900,2.1000
08.01.2014 00:32:28.184,1.47765,1.47565,2.0300,1.5600
08.01.2014 00:32:29.709,1.47765,1.47565,2.1300,2.6800
08.01.2014 00:32:30.941,1.47763,1.47563,2.0000,2.6800
08.01.2014 00:32:32.365,1.47763,1.47563,3.0000,1.4600
08.01.2014 00:32:33.891,1.47763,1.47563,1.2500,2.5500
08.01.2014 00:32:35.311,1.47761,1.47561,2.5800,1.7800
08.01.2014 00:32:36.716,1.47762,1.47562,1.5200,2.3400
08.01.2014 00:32:38.192,1.47760,1.47560,1.3000,2.6200
08.01.2014 00:32:39.658,1.47762,1.47562,2.6400,1.8300
08.01.2014 00:32:41.071,1.47762,1.47562,1.9500,1.9700
08.01.2014 00:32:42.623,1.47760,1.47560,2.5600,1.3700
08.01.2014 00:32:43.931,1.47761,1.47561,1.7600,2.0000
08.01.2014 00:32:45.442,1.47761,1.47561,2.5200,1.7500
08.01.2014 00:32:46.755,1.47761,1.47561,2.6300,1.1500
08.01.2014 00:32:48.076,1.47760,1.47560,2.8100,2.2300
08.01.2014 00:32:49.535,1.47760,1.47560,1.8900,2.1800
08.01.2014 00:32:51.055,1.47759,1.47559,2.1100,2.9900
08.01.2014 00:32:52.619,1.47759,1.47559,1.9100,1.2200
08.01.2014 00:32:53.936,1.47760,1.47560,1.5100,1.4300
08.01.2014 00:32:55.206,1.47761,1.47561,2.9800,2.2900
08.01.2014 00:32:56.333,1.47761,1.47561,1.4500,2.9500
08.01.2014 00:32:57.634,1.47762,1.47562,1.0100,1.6900
08.01.2014 00:32:58.890,1.47761,1.47561,2.5400,1.8400
08.01.2014 00:33:00.380,1.47761,1.47561,1.2400,2.9400
08.01.2014 00:33:01.827,1.47762,1.47562,1.3400,1.0200
08.01.2014 00:33:03.153,1.47763,1.47563,1.5500,1.7900
08.01.2014 00:33:04.593,1.47763,1.47563,2.1100,1.2600
08.01.2014 00:33:06.013,1.47762,1.47562,1.4300,1.8400
08.01.2014 00:33:07.400,1.47763,1.47563,1.9500,1.5700
08.01.2014 00:33:08.716,1.47767,1.47567,1.4100,1.3400
08.01.2014 00:33:10.133,1.47766,1.47566,1.0900,1.8200
08.01.2014 00:33:11.646,1.47768,1.47568,2.9700,1.1100
08.01.2014 00:33:12.897,1.47768,1.47568,2.2200,2.5800
08.01.2014 00:33:14.276,1.47768,1.47568,1.4300,2.8400
08.01.2014 00:33:15.656,1.47769,1.47569,1.1700,1.4100
08.01.2014 00:33:16.993,1.47772,1.47572,1.6400,2.5400
08.01.2014 00:33:18.585,1.47773,1.47573,2.2500,2.2400
08.01.2014 00:33:19.974,1.47772,1.47572,1.1300,1.0100
08.01.2014 00:33:21.206,1.47771,1.47571,2.6700,2.2200
08.01.2014 00:33:22.535,1.47771,1.47571,2.4600,1.0900
08.01.2014 00:33:24.062,1.47771,1.47571,1.5400,1.4200
08.01.2014 00:33:25.390,1.47772,1.47572,1.0300,1.6200
08.01.2014 00:33:26.717,1.47770,1.47570,2.5800,2.5100
08.01.2014 00:33:28.183,1.47768,1.47568,2.6400,1.3000
08.01.2014 00:33:29.549,1.47769,1.47569,1.2500,2.7000
08.01.2014 00:33:31.117,1.47769,1.47569,2.5600,1.7700
08.01.2014 00:33:32.450,1.47770,1.47570,1.0800,2.8900
08.01.2014 00:33:33.837,1.47770,1.47570,2.3500,1.4800
08.01.2014 00:33:35.209,1.47768,1.47568,1.5600,1.2500
08.01.2014 00:33:36.514,1.47766,1.47566,1.0500,2.4100
08.01.2014 00:33:37.861,1.47766,1.47566,2.5600,2.7400
08.01.2014 00:33:39.326,1.47764,1.47564,1.4300,2.8800
08.01.2014 00:33:40.723,1.47764,1.47564,2.8300,1.1000
08.01.2014 00:33:42.146,1.47764,1.47564,2.9900,2.5600
08.01.2014 00:33:43.498,1.47767,1.47567,1.4300,1.2900
08.01.2014 00:33:44.744,1.47766,1.47566,2.6500,1.2200
08.01.2014 00:33:46.246,1.47770,1.47570,1.1500,1.7000
08.01.2014 00:33:47.717,1.47767,1.47567,1.5400,1.6500
08.01.2014 00:33:49.048,1.47764,1.47564,2.5300,2.6500
08.01.2014 00:33:50.508,1.47764,1.47564,2.4400,1.5300
08.01.2014 00:33:51.930,1.47768,1.47568,1.0000,2.6600
08.01.2014 00:33:53.448,1.47766,1.47566,1.8600,1.5500
08.01.2014 00:33:54.836,1.47766,1.47566,2.5500,2.3100
08.01.2014 00:33:56.166,1.47765,1.47565,2.1900,1.3800
08.01.2014 00:33:57.537,1.47763,1.47563,1.7900,1.9500
08.01.2014 00:33:58.963,1.47763,1.47563,1.8900,2.0900
08.01.2014 00:34:00.348,1.47766,1.47566,1.9200,2.9700
08.01.2014 00:34:01.824,1.47767,1.47567,1.0000,1.6300
08.01.2014 00:34:03.195,1.47768,1.47568,1.7500,1.7200
08.01.2014 00:34:04.450,1.47767,1.47567,1.6600,1.9100
08.01.2014 00:34:06.043,1.47765,1.47565,1.8100,2.0700
08.01.2014 00:34:07.534,1.47765,1.47565,2.8900,1.0800
08.01.2014 00:34:08.979,1.47763,1.47563,1.3600,2.6000
08.01.2014 00:34:10.316,1.47766,1.47566,1.6600,2.0800
08.01.2014 00:34:11.667,1.47765,1.47565,1.4900,1.9800
08.01.2014 00:34:13.030,1.47766,1.47566,1.5900,2.8100
08.01.2014 00:34:14.305,1.47766,1.47566,1.4400,1.9500
08.01.2014 00:34:15.724,1.47766,1.47566,1.3600,1.8300
08.01.2014 00:34:17.134,1.47763,1.47563,2.9500,1.5800
08.01.2014 00:34:18.517,1.47764,1.47564,2.5000,1.8800
08.01.2014 00:34:19.805,1.47763,1.47563,2.7900,2.2300
08.01.2014 00:34:21.200,1.47764,1.47564,2.7500,1.4100
08.01.2014 00:34:22.511,1.47766,1.47566,1.1700,1.3000
08.01.2014 00:34:23.852,1.47768,1.47568,1.3700,2.8700
08.01.2014 00:34:25.446,1.47768,1.47568,2.2400,1.2200
08.01.2014 00:34:26.906,1.47768,1.47568,2.0300,2.0100
08.01.2014 00:34:28.409,1.47769,1.47569,2.3300,2.0100
08.01.2014 00:34:29.915,1.47771,1.47571,1.6900,1.4800
08.01.2014 00:34:31.425,1.47770,1.47570,2.7700,2.0400
08.01.2014 00:34:32.809,1.47769,1.47569,1.2700,2.0000
08.01.2014 00:34:34.238,1.47769,1.47569,2.6700,1.4300
08.01.2014 00:34:35.619,1.47770,1.47570,2.8200,2.1100
08.01.2014 00:34:36.893,1.47769,1.47569,1.7500,2.4800
08.01.2014 00:34:38.179,1.47769,1.47569,1.8700,1.5500
08.01.2014 00:34:39.677,1.47769,1.47569,1.5900,2.9400
08.01.2014 00:34:41.236,1.47772,1.47572,1.9800,1.4900
08.01.2014 00:34:42.876,1.47773,1.47573,2.7100,1.3000
08.01.2014 00:34:44.161,1.47774,1.47574,1.5600,1.7100
08.01.2014 00:34:45.499,1.47775,1.47575,2.9200,2.1500
08.01.2014 00:34:46.890,1.47777,1.47577,2.8400,1.4500
08.01.2014 00:34:48.344,1.47776,1.47576,2.6000,1.8500
08.01.2014 00:34:49.701,1.47776,1.47576,1.8100,1.2900
08.01.2014 00:34:50.997,1.47777,1.47577,2.0100,1.7600
08.01.2014 00:34:52.391,1.47776,1.47576,2.3700,1.8900
08.01.2014 00:34:53.862,1.47775,1.47575,1.3300,2.5500
08.01.2014 00:34:55.360,1.47776,1.47576,2.4400,2.6900
08.01.2014 00:34:56.767,1.47777,1.47577,1.2600,1.6200
08.01.2014 00:34:58.219,1.47776,1.47576,2.4300,2.7100
08.01.2014 00:34:59.457,1.47776,1.47576,2.9200,2.0800
08.01.2014 00:35:00.753,1.47778,1.47578,2.8400,2.5500
08.01.2014 00:35:02.071,1.47779,1.47579,2.8300,2.7300
08.01.2014 00:35:03.399,1.47780,1.47580,2.5500,1.8400
08.01.2014 00:35:04.854,1.47777,1.47577,2.4700,2.5100
08.01.2014 00:35:06.156,1.47778,1.47578,1.9100,1.3700
08.01.2014 00:35:07.531,1.47778,1.47578,2.6800,2.3700
08.01.2014 00:35:08.819,1.47779,1.47579,2.6500,1.6000
08.01.2014 00:35:10.120,1.47780,1.47580,1.1400,1.1100
08.01.2014 00:35:11.417,1.47778,1.47578,1.4300,2.5000
08.01.2014 00:35:12.750,1.47780,1.47580,2.0100,2.4000
08.01.2014 00:35:14.196,1.47779,1.47579,2.0000,2.4200
08.01.2014 00:35:15.593,1.47776,1.47576,1.0000,2.4200
08.01.2014 00:35:17.267,1.47777,1.47577,1.2700,2.8100
08.01.2014 00:35:18.559,1.47780,1.47580,2.2500,2.1200
08.01.2014 00:35:19.792,1.47780,1.47580,1.4300,1.5900
08.01.2014 00:35:21.228,1.47779,1.47579,1.4300,2.4900
08.01.2014 00:35:22.657,1.47779,1.47579,2.9500,2.5700
08.01.2014 00:35:24.131,1.47780,1.47580,1.4800,1.2200
08.01.2014 00:35:25.589,1.47783,1.47583,2.2400,2.0900
08.01.2014 00:35:27.098,1.47786,1.47586,2.5200,1.1000
08.01.2014 00:35:28.603,1.47786,1.47586,2.2500,2.8000
08.01.2014 00:35:30.044,1.47785,1.47585,2.6500,2.3100
08.01.2014 00:35:31.504,1.47786,1.47586,1.4000,1.6700
08.01.2014 00:35:32.911,1.47786,1.47586,1.5400,2.5700
08.01.2014 00:35:34.400,1.47786,1.47586,1.6300,1.5200
08.01.2014 00:35:35.807,1.47786,1.47586,2.6400,2.8400
08.01.2014 00:35:37.162,1.47785,1.47585,2.3600,2.4300
08.01.2014 00:35:38.507,1.47785,1.47585,2.4200,2.5400
08.01.2014 00:35:39.949,1.47781,1.47581,2.3800,2.9000
08.01.2014 00:35:41.404,1.47779,1.47579,2.3100,2.8500
08.01.2014 00:35:42.623,1.47780,1.47580,1.7500,2.3800
08.01.2014 00:35:43.949,1.47779,1.47579,2.9700,1.1000
08.01.2014 00:35:45.306,1.47778,1.47578,2.4100,2.4700
08.01.2014 00:35:46.879,1.47777,1.47577,1.2500,2.4100
08.01.2014 00:35:48.321,1.47776,1.47576,2.3700,1.8700
08.01.2014 00:35:49.741,1.47777,1.47577,1.8900,2.1600
08.01.2014 00:35:51.139,1.47777,1.47577,1.6800,1.3900
08.01.2014 00:35:52.418,1.47779,1.47579,1.7400,1.6900
08.01.2014 00:35:53.886,1.47781,1.47581,2.1800,2.2700
08.01.2014 00:35:55.448,1.47780,1.47580,2.4300,1.7900
08.01.2014 00:35:56.955,1.47781,1.47581,1.2200,2.1600
08.01.2014 00:35:58.237,1.47780,1.47580,1.4000,2.8000
08.01.2014 00:35:59.632,1.47782,1.47582,1.0800,1.8700
08.01.2014 00:36:01.136,1.47781,1.47581,1.4700,1.0500
08.01.2014 00:36:02.484,1.47782,1.47582,2.7700,2.8600
08.01.2014 00:36:03.737,1.47780,1.47580,1.2600,1.6200
08.01.2014 00:36:05.408,1.47779,1.47579,1.8800,2.7800
08.01.2014 00:36:06.858,1.47777,1.47577,1.4000,1.4800
08.01.2014 00:36:08.207,1.47779,1.47579,2.1200,2.3500
08.01.2014 00:36:09.567,1.47778,1.47578,1.4500,2.7100
08.01.2014 00:36:10.919,1.47778,1.47578,2.9300,2.0100
08.01.2014 00:36:12.231,1.47778,1.47578,1.8900,2.0700
08.01.2014 00:36:13.512,1.47781,1.47581,1.9800,1.2900
08.01.2014 00:36:14.930,1.47782,1.47582,1.0200,1.9800
08.01.2014 00:36:16.371,1.47783,1.47583,2.8600,1.1300
08.01.2014 00:36:17.857,1.47784,1.47584,1.2300,2.6500
08.01.2014 00:36:19.249,1.47783,1.47583,2.0200,2.4300
08.01.2014 00:36:20.627,1.47784,1.47584,1.9100,2.5400
08.01.2014 00:36:22.035,1.47785,1.47585,1.2000,2.3400
08.01.2014 00:36:23.686,1.47785,1.47585,2.3200,1.1400
08.01.2014 00:36:24.936,1.47787,1.47587,2.4100,2.6900
08.01.2014 00:36:26.300,1.47785,1.47585,2.5300,2.7900
08.01.2014 00:36:27.693,1.47784,1.47584,1.7800,1.2500
08.01.2014 00:36:29.213,1.47786,1.47586,2.1600,2.6100
08.01.2014 00:36:30.941,1.47787,1.47587,2.9500,2.5200
08.01.2014 00:36:32.368,1.47790,1.47590,2.8300,1.7800
08.01.2014 00:36:33.660,1.47790,1.47590,1.9000,1.3700
08.01.2014 00:36:35.106,1.47790,1.47590,2.6700,1.3900
08.01.2014 00:36:36.332,1.47790,1.47590,2.3900,2.2400
08.01.2014 00:36:37.692,1.47791,1.47591,2.9300,1.5400
08.01.2014 00:36:38.985,1.47793,1.47593,1.1800,1.4100
08.01.2014 00:36:40.430,1.47792,1.47592,2.5000,2.3600
08.01.2014 00:36:41.970,1.47794,1.47594,2.0100,2.3800
08.01.2014 00:36:43.423,1.47795,1.47595,1.1400,2.7100
08.01.2014 00:36:44.812,1.47793,1.47593,2.7900,2.9900
08.01.2014 00:36:46.215,1.47794,1.47594,2.2000,2.5800
08.01.2014 00:36:47.547,1.47795,1.47595,1.8800,2.8900
08.01.2014 00:36:48.856,1.47794,1.47594,1.0200,1.4600
08.01.2014 00:36:50.172,1.47792,1.47592,1.5900,2.4400
08.01.2014 00:36:51.537,1.47792,1.47592,2.4400,1.1800
08.01.2014 00:36:52.943,1.47791,1.47591,1.7700,1.1900
08.01.2014 00:36:54.314,1.47792,1.47592,2.9900,1.1800
08.01.2014 00:36:55.736,1.47790,1.47590,1.9100,2.3300
08.01.2014 00:36:57.052,1.47791,1.47591,2.1400,2.7800
08.01.2014 00:36:58.303,1.47789,1.47589,1.0400,1.6400
08.01.2014 00:36:59.602,1.47790,1.47590,2.8000,2.2600
08.01.2014 00:37:00.999,1.47789,1.47589,2.6900,2.6300
08.01.2014 00:37:02.417,1.47787,1.47587,1.3100,2.2900
08.01.2014 00:37:03.819,1.47786,1.47586,1.2100,2.1900
08.01.2014 00:37:05.233,1.47788,1.47588,2.1000,1.7600
08.01.2014 00:37:06.664,1.47790,1.47590,2.0500,2.7700
08.01.2014 00:37:07.991,1.47791,1.47591,1.2000,2.1700
08.01.2014 00:37:09.507,1.47791,1.47591,1.0900,1.1300
08.01.2014 00:37:10.937,1.47790,1.47590,1.5100,2.2300
08.01.2014 00:37:12.306,1.47791,1.47591,1.8500,2.5800
08.01.2014 00:37:13.636,1.47791,1.47591,2.1300,1.9600
08.01.2014 00:37:14.953,1.47791,1.47591,1.7500,1.8800
08.01.2014 00:37:16.142,1.47794,1.47594,1.2700,2.6900
08.01.2014 00:37:17.551,1.47796,1.47596,1.0800,1.0500
08.01.2014 00:37:18.994,1.47795,1.47595,2.3600,2.4600
08.01.2014 00:37:20.478,1.47801,1.47601,1.5100,2.3800
08.01.2014 00:37:21.839,1.47801,1.47601,1.1300,1.4300
08.01.2014 00:37:23.141,1.47800,1.47600,2.4700,2.6200
08.01.2014 00:37:24.511,1.47798,1.47598,2.7900,1.8200
08.01.2014 00:37:25.969,1.47797,1.47597,1.2700,1.9300
08.01.2014 00:37:27.390,1.47799,1.47599,2.7800,1.8200
08.01.2014 00:37:28.924,1.47800,1.47600,2.5800,1.8200
08.01.2014 00:37:30.202,1.47799,1.47599,2.1300,2.4000
08.01.2014 00:37:31.710,1.47801,1.47601,1.6400,2.1100
08.01.2014 00:37:33.175,1.47800,1.47600,2.7900,2.6600
08.01.2014 00:37:34.574,1.47799,1.47599,1.9200,2.2200
08.01.2014 00:37:35.996,1.47797,1.47597,1.0900,2.2900
08.01.2014 00:37:37.302,1.47797,1.47597,1.5400,2.1200
08.01.2014 00:37:38.726,1.47798,1.47598,1.2000,1.6300
08.01.2014 00:37:40.066,1.47798,1.47598,2.9100,2.6600
08.01.2014 00:37:41.454,1.47798,1.47598,2.2700,2.1000
08.01.2014 00:37:42.873,1.47797,1.47597,1.8500,1.6800
08.01.2014 00:37:44.084,1.47796,1.47596,1.9500,1.0600
08.01.2014 00:37:45.400,1.47799,1.47599,1.9500,2.9600
08.01.2014 00:37:46.761,1.47797,1.47597,1.1500,2.0700
08.01.2014 00:37:48.152,1.47796,1.47596,2.3100,2.1900
08.01.2014 00:37:49.583,1.47795,1.47595,2.1700,2.0000
08.01.2014 00:37:51.045,1.47792,1.47592,1.4900,2.5800
08.01.2014 00:37:52.546,1.47792,1.47592,1.9100,1.5700
08.01.2014 00:37:53.900,1.47793,1.47593,2.3200,1.1000
08.01.2014 00:37:55.334,1.47791,1.47591,2.9900,1.9800
08.01.2014 00:37:56.749,1.47793,1.47593,2.8100,2.1000
08.01.2014 00:37:58.237,1.47793,1.47593,1.2800,1.7400
08.01.2014 00:37:59.681,1.47792,1.47592,2.4700,1.1200
08.01.2014 00:38:01.376,1.47793,1.47593,2.3400,2.6100
08.01.2014 00:38:02.666,1.47793,1.47593,2.3700,1.2200
08.01.2014 00:38:04.259,1.47795,1.47595,2.9500,1.8700
08.01.2014 00:38:05.718,1.47794,1.47594,2.6900,1.1700
08.01.2014 00:38:07.188,1.47794,1.47594,2.0300,1.0800
08.01.2014 00:38:08.349,1.47795,1.47595,2.8700,1.2400
08.01.2014 00:38:09.725,1.47796,1.47596,2.4700,2.5800
08.01.2014 00:38:11.051,1.47796,1.47596,1.6800,2.7200
08.01.2014 00:38:12.377,1.47795,1.47595,1.4000,1.5200
08.01.2014 00:38:13.639,1.47794,1.47594,2.9900,2.2700
08.01.2014 00:38:14.882,1.47794,1.47594,1.1300,2.4600
08.01.2014 00:38:16.218,1.47794,1.47594,1.2200,1.5100
08.01.2014 00:38:17.601,1.47793,1.47593,2.9500,1.2600
08.01.2014 00:38:18.946,1.47794,1.47594,2.0700,2.9200
08.01.2014 00:38:20.166,1.47795,1.47595,1.8000,1.4700
08.01.2014 00:38:21.696,1.47794,1.47594,1.8600,2.6000
08.01.2014 00:38:22.865,1.47793,1.47593,1.5900,2.2800
08.01.2014 00:38:24.306,1.47790,1.47590,2.9200,2.4800
08.01.2014 00:38:25.797,1.47790,1.47590,1.6700,2.1400
08.01.2014 00:38:27.299,1.47790,1.47590,2.3800,1.8300
08.01.2014 00:38:28.690,1.47790,1.47590,1.7800,2.2900
08.01.2014 00:38:30.185,1.47789,1.47589,2.9400,2.6600
08.01.2014 00:38:31.546,1.47787,1.47587,1.2200,2.8800
08.01.2014 00:38:33.021,1.47787,1.47587,1.7600,1.5900
08.01.2014 00:38:34.379,1.47787,1.47587,2.9700,2.8800
08.01.2014 00:38:35.814,1.47788,1.47588,1.6500,1.1300
08.01.2014 00:38:37.262,1.47788,1.47588,1.6600,1.9300
08.01.2014 00:38:38.629,1.47789,1.47589,1.4800,1.6600
08.01.2014 00:38:40.076,1.47789,1.47589,1.2100,2.2100
08.01.2014 00:38:41.514,1.47786,1.47586,2.5900,2.0300
08.01.2014 00:38:42.939,1.47790,1.47590,1.6800,2.9400
08.01.2014 00:38:44.366,1.47790,1.47590,2.9100,2.2500
08.01.2014 00:38:45.803,1.47789,1.47589,2.8500,2.4100
08.01.2014 00:38:47.221,1.47789,1.47589,2.0600,2.5600
08.01.2014 00:38:48.634,1.47789,1.47589,2.0400,1.9500
08.01.2014 00:38:49.990,1.47789,1.47589,2.5700,2.1600
08.01.2014 00:38:51.314,1.47790,1.47590,2.0700,2.1900
08.01.2014 00:38:52.670,1.47789,1.47589,2.5000,2.3300
08.01.2014 00:38:53.985,1.47790,1.47590,1.7100,1.3000
08.01.2014 00:38:55.281,1.47791,1.47591,2.2300,2.3800
08.01.2014 00:38:56.794,1.47791,1.47591,2.1100,2.0100
08.01.2014 00:38:58.233,1.47792,1.47592,1.4600,1.2800
08.01.2014 00:38:59.717,1.47790,1.47590,1.3300,2.8500
08.01.2014 00:39:01.311,1.47788,1.47588,2.6300,1.9100
08.01.2014 00:39:02.761,1.47791,1.47591,2.2800,1.5000
08.01.2014 00:39:04.274,1.47797,1.47597,2.0300,1.6300
08.01.2014 00:39:05.802,1.47800,1.47600,1.7600,2.7800
08.01.2014 00:39:07.301,1.47797,1.47597,1.7100,1.5800
08.01.2014 00:39:08.685,1.47796,1.47596,1.7100,1.3600
08.01.2014 00:39:10.042,1.47797,1.47597,2.6600,2.1200
08.01.2014 00:39:11.487,1.47799,1.47599,2.8700,1.6100
08.01.2014 00:39:12.941,1.47796,1.47596,1.8000,1.7100
08.01.2014 00:39:14.398,1.47800,1.47600,1.2900,1.8200
08.01.2014 00:39:15.832,1.47799,1.47599,1.1200,1.1800
08.01.2014 00:39:17.247,1.47796,1.47596,2.4200,2.3800
08.01.2014 00:39:18.699,1.47795,1.47595,2.7600,1.3700
08.01.2014 00:39:19.967,1.47794,1.47594,2.6500,2.8700
08.01.2014 00:39:21.307,1.47796,1.47596,1.4400,1.3500
08.01.2014 00:39:22.575,1.47796,1.47596,2.3600,1.5200
08.01.2014 00:39:23.915,1.47795,1.47595,1.5100,1.2300
08.01.2014 00:39:25.264,1.47793,1.47593,2.5300,1.9700
08.01.2014 00:39:26.654,1.47795,1.47595,2.7200,1.8600
08.01.2014 00:39:28.062,1.47796,1.47596,2.6700,2.9700
08.01.2014 00:39:29.449,1.47798,1.47598,2.5300,2.1200
08.01.2014 00:39:30.949,1.47799,1.47599,2.4500,2.9900
08.01.2014 00:39:32.513,1.47801,1.47601,1.5600,1.4600
08.01.2014 00:39:33.946,1.47802,1.47602,2.8800,1.9900
08.01.2014 00:39:35.260,1.47803,1.47603,2.2500,2.5400
08.01.2014 00:39:36.565,1.47801,1.47601,1.3000,1.2800
08.01.2014 00:39:37.951,1.47798,1.47598,1.9500,1.5200
08.01.2014 00:39:39.291,1.47794,1.47594,2.5600,2.8300
08.01.2014 00:39:40.685,1.47793,1.47593,2.3700,2.4500
08.01.2014 00:39:41.940,1.47791,1.47591,2.3700,1.5700
08.01.2014 00:39:43.326,1.47789,1.47589,2.2700,1.3000
08.01.2014 00:39:44.821,1.47792,1.47592,1.2200,2.8500
08.01.2014 00:39:46.174,1.47792,1.47592,2.7400,1.2500
08.01.2014 00:39:47.587,1.47791,1.47591,2.1300,1.0200
08.01.2014 00:39:48.965,1.47790,1.47590,1.1300,2.7400
08.01.2014 00:39:50.373,1.47788,1.47588,2.1100,1.9000
08.01.2014 00:39:51.543,1.47784,1.47584,1.2400,2.6000
08.01.2014 00:39:52.980,1.47784,1.47584,1.1400,2.2400
08.01.2014 00:39:54.350,1.47785,1.47585,1.8200,2.2500
08.01.2014 00:39:55.508,1.47786,1.47586,1.6600,1.2900
08.01.2014 00:39:56.976,1.47784,1.47584,2.9400,1.3000
08.01.2014 00:39:58.444,1.47787,1.47587,1.4700,1.7300
08.01.2014 00:39:59.884,1.47786,1.47586,2.9700,2.0900
08.01.2014 00:40:01.391,1.47784,1.47584,2.1200,2.8300
08.01.2014 00:40:02.743,1.47784,1.47584,1.7900,2.1500
08.01.2014 00:40:03.932,1.47784,1.47584,1.0100,2.3000
08.01.2014 00:40:05.382,1.47783,1.47583,1.3300,2.6100
08.01.2014 00:40:06.693,1.47782,1.47582,1.7700,1.7100
08.01.2014 00:40:08.109,1.47783,1.47583,2.0900,1.4900
08.01.2014 00:40:09.541,1.47786,1.47586,2.7300,1.9500
08.01.2014 00:40:10.811,1.47786,1.47586,2.6200,1.1300
08.01.2014 00:40:12.264,1.47788,1.47588,1.1400,2.5400
08.01.2014 00:40:13.802,1.47789,1.47589,2.8800,2.5900
08.01.2014 00:40:15.173,1.47790,1.47590,2.2200,2.8400
08.01.2014 00:40:16.625,1.47791,1.47591,1.9200,1.4100
08.01.2014 00:40:18.085,1.47790,1.47590,1.0800,2.6100
08.01.2014 00:40:19.645,1.47791,1.47591,2.4700,2.6800
08.01.2014 00:40:20.912,1.47793,1.47593,1.8300,1.0900
08.01.2014 00:40:22.459,1.47793,1.47593,1.4700,2.0600
08.01.2014 00:40:23.822,1.47793,1.47593,1.1600,1.6300
08.01.2014 00:40:25.198,1.47793,1.47593,2.4200,2.5700
08.01.2014 00:40:26.652,1.47791,1.47591,1.7700,1.8000
08.01.2014 00:40:28.123,1.47793,1.47593,1.9200,1.7700
08.01.2014 00:40:29.362,1.47794,1.47594,1.6600,1.5200
08.01.2014 00:40:30.755,1.47794,1.47594,1.6800,1.3200
08.01.2014 00:40:32.144,1.47796,1.47596,1.4500,2.6000
08.01.2014 00:40:33.458,1.47795,1.47595,2.6000,1.9400
08.01.2014 00:40:34.932,1.47794,1.47594,2.0800,2.7400
08.01.2014 00:40:36.410,1.47794,1.47594,1.6200,2.8100
08.01.2014 00:40:37.922,1.47795,1.47595,2.5300,1.8000
08.01.2014 00:40:39.566,1.47796,1.47596,1.3000,1.9000
08.01.2014 00:40:40.912,1.47795,1.47595,1.1900,1.0400
08.01.2014 00:40:42.441,1.47795,1.47595,1.6000,1.7300
08.01.2014 00:40:43.823,1.47794,1.47594,2.8300,1.7400
08.01.2014 00:40:45.150,1.47795,1.47595,1.0800,1.3900
08.01.2014 00:40:46.566,1.47794,1.47594,2.2900,1.0800
08.01.2014 00:40:48.009,1.47793,1.47593,2.0900,1.7500
08.01.2014 00:40:49.284,1.47793,1.47593,2.4600,1.1800
08.01.2014 00:40:50.771,1.47794,1.47594,1.1600,2.8400
08.01.2014 00:40:52.227,1.47794,1.47594,1.0900,2.9700
08.01.2014 00:40:53.465,1.47794,1.47594,1.7400,2.3700
08.01.2014 00:40:54.880,1.47794,1.47594,1.0200,2.4800
08.01.2014 00:40:56.224,1.47794,1.47594,2.2200,1.2400
08.01.2014 00:40:57.515,1.47796,1.47596,2.8200,2.8300
08.01.2014 00:40:58.760,1.47796,1.47596,1.6400,1.3300
08.01.2014 00:41:00.196,1.47795,1.47595,1.8400,2.6300
08.01.2014 00:41:01.500,1.47795,1.47595,1.3300,1.7600
08.01.2014 00:41:02.892,1.47795,1.47595,1.3000,1.8300
08.01.2014 00:41:04.295,1.47794,1.47594,1.4800,2.4900
08.01.2014 00:41:05.583,1.47794,1.47594,2.5700,2.2600
08.01.2014 00:41:07.014,1.47790,1.47590,2.5700,2.1700
08.01.2014 00:41:08.326,1.47794,1.47594,2.0900,1.6600
08.01.2014 00:41:09.390,1.47794,1.47594,2.8400,1.3400
08.01.2014 00:41:10.907,1.47795,1.47595,2.6800,1.1100
08.01.2014 00:41:12.294,1.47793,1.47593,2.4300,2.6100
08.01.2014 00:41:13.702,1.47791,1.47591,2.0500,2.7500
08.01.2014 00:41:15.142,1.47791,1.47591,2.4300,2.4700
08.01.2014 00:41:16.640,1.47792,1.47592,1.1500,2.0800
08.01.2014 00:41:17.910,1.47793,1.47593,1.0900,1.6800
08.01.2014 00:41:19.384,1.47792,1.47592,2.6400,2.3400
08.01.2014 00:41:20.636,1.47794,1.47594,1.3900,1.0500
08.01.2014 00:41:22.117,1.47793,1.47593,2.7400,1.5200
08.01.2014 00:41:23.604,1.47790,1.47590,1.1800,1.1900
08.01.2014 00:41:25.025,1.47790,1.47590,2.9700,2.8800
08.01.2014 00:41:26.484,1.47787,1.47587,3.0000,1.9800
08.01.2014 00:41:27.822,1.47787,1.47587,2.7300,1.4100
08.01.2014 00:41:29.272,1.47791,1.47591,2.1800,1.4400
08.01.2014 00:41:30.635,1.47790,1.47590,2.7900,2.3200
08.01.2014 00:41:32.003,1.47789,1.47589,2.7000,1.1400
08.01.2014 00:41:33.357,1.47788,1.47588,2.2700,2.1400
08.01.2014 00:41:34.771,1.47786,1.47586,2.1100,1.8500
08.01.2014 00:41:36.242,1.47786,1.47586,2.3000,1.5000
08.01.2014 00:41:37.644,1.47785,1.47585,2.3700,2.1200
08.01.2014 00:41:39.008,1.47783,1.47583,2.8800,1.8700
08.01.2014 00:41:40.518,1.47786,1.47586,1.1500,2.3200
08.01.2014 00:41:41.987,1.47786,1.47586,1.1900,1.8700
08.01.2014 00:41:43.597,1.47787,1.47587,1.9900,1.9200
08.01.2014 00:41:44.881,1.47788,1.47588,1.8400,1.1100
08.01.2014 00:41:46.252,1.47789,1.47589,1.9500,1.8000
08.01.2014 00:41:47.593,1.47787,1.47587,2.9500,2.3500
08.01.2014 00:41:48.823,1.47787,1.47587,1.2900,2.3700
08.01.2014 00:41:50.293,1.47787,1.47587,2.9700,1.9200
08.01.2014 00:41:51.613,1.47787,1.47587,2.2800,2.9100
08.01.2014 00:41:52.981,1.47788,1.47588,1.6300,2.9300
08.01.2014 00:41:54.319,1.47788,1.47588,1.0200,2.7500
08.01.2014 00:41:55.508,1.47790,1.47590,2.6300,1.6700
08.01.2014 00:41:57.044,1.47792,1.47592,2.7400,1.4700
08.01.2014 00:41:58.517,1.47788,1.47588,2.9400,2.9800
08.01.2014 00:41:59.769,1.47790,1.47590,1.0800,1.3400
08.01.2014 00:42:01.003,1.47790,1.47590,1.2700,1.7700
08.01.2014 00:42:02.233,1.47789,1.47589,2.5600,2.8300
08.01.2014 00:42:03.523,1.47793,1.47593,2.5400,1.7100
08.01.2014 00:42:05.062,1.47795,1.47595,2.6700,1.9900
08.01.2014 00:42:06.479,1.47794,1.47594,2.8500,1.1200
08.01.2014 00:42:07.702,1.47796,1.47596,2.4400,2.6400
08.01.2014 00:42:09.215,1.47800,1.47600,1.5500,1.8000
08.01.2014 00:42:10.603,1.47799,1.47599,1.9800,1.2300
08.01.2014 00:42:12.060,1.47799,1.47599,2.3000,1.2600
08.01.2014 00:42:13.360,1.47796,1.47596,2.9000,1.5100
08.01.2014 00:42:14.685,1.47799,1.47599,1.7600,2.5200
08.01.2014 00:42:16.136,1.47797,1.47597,1.2700,1.3500
08.01.2014 00:42:17.643,1.47798,1.47598,1.6300,2.7600
08.01.2014 00:42:19.084,1.47800,1.47600,1.7600,1.5700
08.01.2014 00:42:20.481,1.47801,1.47601,1.4300,1.5500
08.01.2014 00:42:21.804,1.47802,1.47602,1.9900,1.7500
08.01.2014 00:42:23.122,1.47801,1.47601,1.6500,1.8800
08.01.2014 00:42:24.716,1.47800,1.47600,1.5500,2.2900
08.01.2014 00:42:26.144,1.47801,1.47601,1.3600,2.6200
08.01.2014 00:42:27.466,1.47799,1.47599,2.4300,2.9400
08.01.2014 00:42:28.795,1.47803,1.47603,2.7400,2.8400
08.01.2014 00:42:30.308,1.47802,1.47602,2.3400,2.5200
08.01.2014 00:42:31.712,1.47801,1.47601,2.8400,2.9300
08.01.2014 00:42:33.173,1.47800,1.47600,1.0500,2.5200
08.01.2014 00:42:34.720,1.47799,1.47599,1.8800,1.6800
08.01.2014 00:42:36.306,1.47799,1.47599,2.0400,1.1200
08.01.2014 00:42:37.790,1.47803,1.47603,2.1400,2.4100
08.01.2014 00:42:39.052,1.47805,1.47605,1.8800,1.3200
08.01.2014 00:42:40.515,1.47805,1.47605,2.1700,1.0900
08.01.2014 00:42:41.898,1.47809,1.47609,2.7000,2.1400
08.01.2014 00:42:43.164,1.47807,1.47607,1.1100,1.5000
08.01.2014 00:42:44.583,1.47810,1.47610,1.8100,2.3300
08.01.2014 00:42:46.199,1.47808,1.47608,1.5200,2.6500
08.01.2014 00:42:47.646,1.47806,1.47606,2.8100,2.3800
08.01.2014 00:42:49.127,1.47807,1.47607,2.5700,2.0100
08.01.2014 00:42:50.537,1.47807,1.47607,2.6500,1.4200
08.01.2014 00:42:51.894,1.47810,1.47610,2.1700,3.0000
08.01.2014 00:42:53.298,1.47809,1.47609,1.8000,1.7700
08.01.2014 00:42:54.591,1.47808,1.47608,1.3600,1.3300
08.01.2014 00:42:55.973,1.47808,1.47608,2.8600,1.7700
08.01.2014 00:42:57.331,1.47807,1.47607,1.2300,1.4000
08.01.2014 00:42:58.768,1.47808,1.47608,1.7800,2.8900
08.01.2014 00:43:00.184,1.47806,1.47606,2.4400,1.6600
08.01.2014 00:43:01.578,1.47807,1.47607,1.0600,2.9800
08.01.2014 00:43:02.963,1.47807,1.47607,2.6400,2.7700
08.01.2014 00:43:04.416,1.47804,1.47604,2.5200,2.3100
08.01.2014 00:43:05.733,1.47803,1.47603,2.4400,2.4700
08.01.2014 00:43:06.997,1.47804,1.47604,1.1300,1.7400
08.01.2014 00:43:08.318,1.47802,1.47602,1.6000,2.5400
08.01.2014 00:43:09.585,1.47801,1.47601,2.1800,1.7500
08.01.2014 00:43:10.921,1.47802,1.47602,2.1800,1.6300
