Time,Ask,Bid,AskVolume,BidVolume
13.01.2014 00:00:02.734,1.47351,1.47151,2.4500,1.7300
13.01.2014 00:00:04.083,1.47349,1.47149,2.3500,2.2100
13.01.2014 00:00:05.551,1.47348,1.47148,2.5700,2.1600
13.01.2014 00:00:06.856,1.47344,1.47144,1.2200,2.7700
13.01.2014 00:00:08.116,1.47344,1.47144,2.0400,2.8000
13.01.2014 00:00:09.532,1.47342,1.47142,2.9000,2.0200
13.01.2014 00:00:11.047,1.47339,1.47139,1.9600,1.4500
13.01.2014 00:00:12.560,1.47341,1.47141,2.0800,1.7300
13.01.2014 00:00:14.000,1.47341,1.47141,2.4400,1.6100
13.01.2014 00:00:15.447,1.47341,1.47141,1.7200,1.7500
13.01.2014 00:00:16.834,1.47343,1.47143,2.8100,2.0400
13.01.2014 00:00:18.301,1.47342,1.47142,1.6700,1.2700
13.01.2014 00:00:19.753,1.47342,1.47142,1.8700,1.4800
13.01.2014 00:00:21.229,1.47342,1.47142,1.0500,2.3800
13.01.2014 00:00:22.516,1.47339,1.47139,1.1900,1.0400
13.01.2014 00:00:23.947,1.47341,1.47141,1.5700,1.9700
13.01.2014 00:00:25.555,1.47340,1.47140,2.5300,1.5400
13.01.2014 00:00:26.829,1.47339,1.47139,2.0900,2.3800
13.01.2014 00:00:28.248,1.47340,1.47140,1.8200,2.7600
13.01.2014 00:00:29.670,1.47338,1.47138,2.8600,2.9000
13.01.2014 00:00:31.220,1.47338,1.47138,2.9400,1.3400
13.01.2014 00:00:32.635,1.47337,1.47137,2.1500,2.1500
13.01.2014 00:00:34.160,1.47337,1.47137,1.9600,1.0100
13.01.2014 00:00:35.562,1.47337,1.47137,1.4500,2.3000
13.01.2014 00:00:37.041,1.47338,1.47138,1.7400,1.6400
13.01.2014 00:00:38.524,1.47337,1.47137,2.0800,2.8300
13.01.2014 00:00:39.845,1.47337,1.47137,2.7800,2.6400
13.01.2014 00:00:41.140,1.47336,1.47136,2.0800,2.1400
13.01.2014 00:00:42.413,1.47337,1.47137,1.0900,1.5200
13.01.2014 00:00:43.782,1.47334,1.47134,2.2400,1.4000
13.01.2014 00:00:45.272,1.47332,1.47132,2.1700,2.9400
13.01.2014 00:00:46.547,1.47333,1.47133,2.4900,1.2100
13.01.2014 00:00:48.020,1.47335,1.47135,1.5400,1.0600
13.01.2014 00:00:49.404,1.47333,1.47133,2.8200,1.7100
13.01.2014 00:00:50.918,1.47334,1.47134,2.4300,2.0100
13.01.2014 00:00:52.339,1.47332,1.47132,2.8300,2.7000
13.01.2014 00:00:53.719,1.47330,1.47130,1.4800,2.6700
13.01.2014 00:00:55.102,1.47329,1.47129,1.2900,1.5700
13.01.2014 00:00:56.524,1.47333,1.47133,1.5800,1.7200
13.01.2014 00:00:57.779,1.47335,1.47135,2.5400,2.2900
13.01.2014 00:00:59.162,1.47334,1.47134,2.9000,1.1000
13.01.2014 00:01:00.657,1.47333,1.47133,1.3800,1.4000
13.01.2014 00:01:01.970,1.47333,1.47133,2.3100,2.2600
13.01.2014 00:01:03.401,1.47332,1.47132,2.4000,1.2400
13.01.2014 00:01:04.820,1.47332,1.47132,2.1300,2.0800
13.01.2014 00:01:06.333,1.47334,1.47134,1.2700,1.3100
13.01.2014 00:01:07.792,1.47335,1.47135,2.9200,2.2800
13.01.2014 00:01:09.009,1.47334,1.47134,2.0400,1.3300
13.01.2014 00:01:10.196,1.47335,1.47135,2.9500,2.7500
13.01.2014 00:01:11.686,1.47337,1.47137,1.3500,1.9900
13.01.2014 00:01:13.076,1.47337,1.47137,2.5000,1.1700
13.01.2014 00:01:14.347,1.47334,1.47134,2.9200,1.0200
13.01.2014 00:01:15.687,1.47336,1.47136,1.2800,2.6700
13.01.2014 00:01:16.996,1.47338,1.47138,2.1900,1.9000
13.01.2014 00:01:18.359,1.47336,1.47136,1.4200,2.6400
13.01.2014 00:01:19.944,1.47337,1.47137,1.0200,2.7500
13.01.2014 00:01:21.350,1.47337,1.47137,2.8300,2.9200
13.01.2014 00:01:22.954,1.47338,1.47138,1.8700,2.1900
13.01.2014 00:01:24.430,1.47340,1.47140,1.7100,1.2400
13.01.2014 00:01:25.769,1.47340,1.47140,1.5600,2.1400
13.01.2014 00:01:27.061,1.47338,1.47138,2.7000,3.0000
13.01.2014 00:01:28.405,1.47340,1.47140,2.6700,1.0300
13.01.2014 00:01:29.773,1.47342,1.47142,2.0900,1.7000
13.01.2014 00:01:31.199,1.47345,1.47145,2.9500,1.0500
13.01.2014 00:01:32.778,1.47347,1.47147,1.1100,1.4300
13.01.2014 00:01:34.270,1.47347,1.47147,2.2200,1.5800
13.01.2014 00:01:35.664,1.47350,1.47150,1.0700,2.6200
13.01.2014 00:01:37.072,1.47349,1.47149,1.0900,1.7200
13.01.2014 00:01:38.429,1.47349,1.47149,1.3400,1.6000
13.01.2014 00:01:39.821,1.47350,1.47150,2.8600,1.5400
13.01.2014 00:01:41.255,1.47351,1.47151,2.9400,2.7700
13.01.2014 00:01:42.539,1.47352,1.47152,2.2100,2.6400
13.01.2014 00:01:44.122,1.47351,1.47151,1.3500,2.8200
13.01.2014 00:01:45.656,1.47349,1.47149,1.4100,1.2700
13.01.2014 00:01:47.176,1.47347,1.47147,1.8700,1.3700
13.01.2014 00:01:48.545,1.47349,1.47149,1.9300,1.2100
13.01.2014 00:01:49.824,1.47351,1.47151,1.4300,1.5200
13.01.2014 00:01:51.291,1.47349,1.47149,1.1300,2.7000
13.01.2014 00:01:52.729,1.47346,1.47146,1.4400,1.0600
13.01.2014 00:01:54.278,1.47348,1.47148,1.4100,1.6400
13.01.2014 00:01:55.640,1.47345,1.47145,1.7400,2.8500
13.01.2014 00:01:56.785,1.47347,1.47147,2.7100,2.6600
13.01.2014 00:01:58.074,1.47346,1.47146,1.7600,1.7400
13.01.2014 00:01:59.444,1.47344,1.47144,1.5500,1.2900
13.01.2014 00:02:00.788,1.47344,1.47144,1.5000,2.5200
13.01.2014 00:02:02.258,1.47343,1.47143,2.4900,2.3500
13.01.2014 00:02:03.656,1.47340,1.47140,1.9700,1.6000
13.01.2014 00:02:04.875,1.47339,1.47139,1.2900,1.1300
13.01.2014 00:02:06.351,1.47340,1.47140,1.8100,1.8600
13.01.2014 00:02:07.852,1.47342,1.47142,2.3300,2.3100
13.01.2014 00:02:09.355,1.47343,1.47143,2.1600,1.3600
13.01.2014 00:02:10.814,1.47341,1.47141,2.5700,2.8100
13.01.2014 00:02:12.316,1.47341,1.47141,2.2600,1.7600
13.01.2014 00:02:13.772,1.47344,1.47144,2.7800,1.0900
13.01.2014 00:02:15.146,1.47344,1.47144,1.4800,2.6200
13.01.2014 00:02:16.733,1.47342,1.47142,2.1000,2.8200
13.01.2014 00:02:17.985,1.47342,1.47142,1.8500,1.6900
13.01.2014 00:02:19.301,1.47345,1.47145,2.1100,1.5500
13.01.2014 00:02:20.733,1.47347,1.47147,2.9900,2.0700
13.01.2014 00:02:22.230,1.47349,1.47149,2.3000,1.9800
13.01.2014 00:02:23.624,1.47349,1.47149,2.1600,2.6800
13.01.2014 00:02:24.902,1.47348,1.47148,1.5400,1.7300
13.01.2014 00:02:26.317,1.47348,1.47148,1.8200,1.7800
13.01.2014 00:02:27.673,1.47350,1.47150,1.3900,1.0000
13.01.2014 00:02:29.047,1.47349,1.47149,1.7900,1.3700
13.01.2014 00:02:30.527,1.47348,1.47148,2.3800,1.1300
13.01.2014 00:02:32.083,1.47347,1.47147,2.3800,1.4000
13.01.2014 00:02:33.717,1.47347,1.47147,1.4500,2.2100
13.01.2014 00:02:35.161,1.47350,1.47150,1.9700,2.6400
13.01.2014 00:02:36.727,1.47352,1.47152,1.7800,2.7600
13.01.2014 00:02:38.137,1.47352,1.47152,1.3200,2.6400
13.01.2014 00:02:39.591,1.47349,1.47149,1.8600,2.6700
13.01.2014 00:02:40.994,1.47347,1.47147,2.2600,1.0500
13.01.2014 00:02:42.443,1.47346,1.47146,1.7400,1.8800
13.01.2014 00:02:43.747,1.47345,1.47145,1.2400,2.3300
13.01.2014 00:02:45.029,1.47345,1.47145,1.1200,2.6500
13.01.2014 00:02:46.334,1.47345,1.47145,1.5600,2.7700
13.01.2014 00:02:47.917,1.47344,1.47144,2.6200,2.5200
13.01.2014 00:02:49.285,1.47341,1.47141,1.1800,2.2500
13.01.2014 00:02:50.498,1.47341,1.47141,2.0200,1.5100
13.01.2014 00:02:51.773,1.47340,1.47140,1.3300,1.9000
13.01.2014 00:02:53.341,1.47339,1.47139,1.0300,2.8700
13.01.2014 00:02:54.891,1.47339,1.47139,1.1500,1.7900
13.01.2014 00:02:56.511,1.47343,1.47143,2.4500,2.4400
13.01.2014 00:02:57.938,1.47343,1.47143,1.0200,2.1200
13.01.2014 00:02:59.160,1.47343,1.47143,2.6300,2.0000
13.01.2014 00:03:00.458,1.47341,1.47141,1.2900,2.1000
13.01.2014 00:03:01.770,1.47342,1.47142,1.6400,1.5600
13.01.2014 00:03:03.171,1.47342,1.47142,1.6000,1.2300
13.01.2014 00:03:04.520,1.47342,1.47142,1.5600,2.3300
13.01.2014 00:03:06.021,1.47342,1.47142,1.6000,1.7500
13.01.2014 00:03:07.263,1.47342,1.47142,1.1300,2.6900
13.01.2014 00:03:08.667,1.47345,1.47145,1.0800,1.2400
13.01.2014 00:03:10.073,1.47347,1.47147,1.4700,2.5200
13.01.2014 00:03:11.606,1.47343,1.47143,1.5000,1.5200
13.01.2014 00:03:12.948,1.47345,1.47145,2.9400,2.2400
13.01.2014 00:03:14.239,1.47344,1.47144,2.1800,2.4800
13.01.2014 00:03:15.665,1.47343,1.47143,2.2700,2.2200
13.01.2014 00:03:16.867,1.47344,1.47144,2.2300,2.1800
13.01.2014 00:03:18.399,1.47346,1.47146,2.4600,1.4700
13.01.2014 00:03:19.832,1.47348,1.47148,1.7900,1.6600
13.01.2014 00:03:21.235,1.47348,1.47148,2.2700,1.2600
13.01.2014 00:03:22.634,1.47349,1.47149,2.0500,1.6500
13.01.2014 00:03:24.007,1.47348,1.47148,1.1400,2.2500
13.01.2014 00:03:25.552,1.47347,1.47147,2.0900,1.0300
13.01.2014 00:03:26.973,1.47346,1.47146,2.0400,1.4100
13.01.2014 00:03:28.472,1.47341,1.47141,1.2000,1.8700
13.01.2014 00:03:29.765,1.47341,1.47141,1.6700,2.7400
13.01.2014 00:03:31.100,1.47344,1.47144,2.0400,2.6100
13.01.2014 00:03:32.563,1.47343,1.47143,2.2800,2.6600
13.01.2014 00:03:33.996,1.47343,1.47143,1.8500,2.4800
13.01.2014 00:03:35.503,1.47340,1.47140,1.2300,1.8800
13.01.2014 00:03:36.757,1.47340,1.47140,2.8000,2.0800
13.01.2014 00:03:38.132,1.47339,1.47139,2.4500,2.4600
13.01.2014 00:03:39.553,1.47339,1.47139,1.8700,1.7700
13.01.2014 00:03:41.027,1.47339,1.47139,2.5800,2.8900
13.01.2014 00:03:42.468,1.47340,1.47140,2.0500,2.1300
13.01.2014 00:03:43.880,1.47338,1.47138,1.9900,1.6500
13.01.2014 00:03:45.312,1.47339,1.47139,2.6100,1.1300
13.01.2014 00:03:46.746,1.47337,1.47137,2.9100,2.5800
13.01.2014 00:03:48.202,1.47336,1.47136,2.8200,2.8900
13.01.2014 00:03:49.670,1.47338,1.47138,2.4700,1.5200
13.01.2014 00:03:51.077,1.47338,1.47138,2.3400,2.1100
13.01.2014 00:03:52.528,1.47337,1.47137,2.7400,1.8500
13.01.2014 00:03:53.929,1.47337,1.47137,2.5200,1.4400
13.01.2014 00:03:55.287,1.47338,1.47138,2.8100,1.2200
13.01.2014 00:03:56.692,1.47337,1.47137,2.4800,2.6900
13.01.2014 00:03:58.233,1.47335,1.47135,2.7500,2.1500
13.01.2014 00:03:59.405,1.47334,1.47134,2.3600,2.8500
13.01.2014 00:04:00.765,1.47334,1.47134,2.1500,2.6500
13.01.2014 00:04:02.285,1.47333,1.47133,1.2600,1.0800
13.01.2014 00:04:03.619,1.47332,1.47132,1.9600,2.7300
13.01.2014 00:04:04.824,1.47334,1.47134,1.1500,1.6900
13.01.2014 00:04:06.154,1.47332,1.47132,2.5000,1.8400
13.01.2014 00:04:07.650,1.47332,1.47132,2.4800,1.1800
13.01.2014 00:04:09.085,1.47330,1.47130,2.5600,1.4000
13.01.2014 00:04:10.386,1.47330,1.47130,1.9100,2.3300
13.01.2014 00:04:11.750,1.47330,1.47130,2.7600,2.0300
13.01.2014 00:04:13.105,1.47330,1.47130,1.0900,1.7500
13.01.2014 00:04:14.504,1.47326,1.47126,2.3300,1.7000
13.01.2014 00:04:15.731,1.47325,1.47125,2.8900,1.2300
13.01.2014 00:04:17.252,1.47326,1.47126,1.2000,1.0200
13.01.2014 00:04:18.634,1.47326,1.47126,1.4300,1.5900
13.01.2014 00:04:20.195,1.47325,1.47125,2.0300,1.8600
13.01.2014 00:04:21.503,1.47324,1.47124,2.9800,1.7000
13.01.2014 00:04:22.919,1.47324,1.47124,1.7200,2.0600
13.01.2014 00:04:24.338,1.47326,1.47126,2.4200,2.9600
13.01.2014 00:04:25.632,1.47326,1.47126,1.6300,1.2400
13.01.2014 00:04:27.065,1.47328,1.47128,2.8600,1.8700
13.01.2014 00:04:28.438,1.47326,1.47126,2.1400,1.6300
13.01.2014 00:04:29.897,1.47325,1.47125,2.4800,1.3600
13.01.2014 00:04:31.438,1.47324,1.47124,1.5900,1.8400
13.01.2014 00:04:32.721,1.47324,1.47124,1.6800,2.8400
13.01.2014 00:04:34.173,1.47322,1.47122,1.5600,2.6500
13.01.2014 00:04:35.314,1.47323,1.47123,2.1400,2.7200
13.01.2014 00:04:36.762,1.47320,1.47120,1.0300,2.6100
13.01.2014 00:04:38.279,1.47320,1.47120,1.7200,2.3400
13.01.2014 00:04:39.535,1.47321,1.47121,1.0600,1.4000
13.01.2014 00:04:40.781,1.47322,1.47122,1.7500,1.0600
13.01.2014 00:04:42.113,1.47321,1.47121,1.9100,1.0000
13.01.2014 00:04:43.445,1.47319,1.47119,2.1000,2.6300
13.01.2014 00:04:44.733,1.47319,1.47119,1.1800,2.2600
13.01.2014 00:04:46.178,1.47319,1.47119,1.0100,2.3000
13.01.2014 00:04:47.674,1.47321,1.47121,2.2700,1.4700
13.01.2014 00:04:48.976,1.47320,1.47120,1.5400,1.0600
13.01.2014 00:04:50.445,1.47318,1.47118,1.6000,2.1600
13.01.2014 00:04:51.868,1.47319,1.47119,2.9100,2.1700
13.01.2014 00:04:53.165,1.47317,1.47117,1.3500,1.3900
13.01.2014 00:04:54.581,1.47317,1.47117,2.8100,2.8000
13.01.2014 00:04:56.026,1.47318,1.47118,2.4600,1.8300
13.01.2014 00:04:57.427,1.47317,1.47117,1.3300,1.9100
13.01.2014 00:04:58.714,1.47315,1.47115,2.7100,1.8100
13.01.2014 00:05:00.171,1.47314,1.47114,1.1300,1.2500
13.01.2014 00:05:01.673,1.47313,1.47113,2.8400,2.3900
13.01.2014 00:05:03.010,1.47313,1.47113,2.7800,1.9000
13.01.2014 00:05:04.439,1.47314,1.47114,1.9700,1.9900
13.01.2014 00:05:05.920,1.47314,1.47114,2.4400,2.8700
13.01.2014 00:05:07.253,1.47316,1.47116,2.1700,2.4600
13.01.2014 00:05:08.627,1.47316,1.47116,2.5100,2.8800
13.01.2014 00:05:10.046,1.47312,1.47112,2.5300,2.8500
13.01.2014 00:05:11.394,1.47309,1.47109,2.5300,2.9100
13.01.2014 00:05:12.752,1.47307,1.47107,2.7100,2.3800
13.01.2014 00:05:14.085,1.47310,1.47110,2.6300,2.2700
13.01.2014 00:05:15.465,1.47311,1.47111,1.9100,2.4600
13.01.2014 00:05:16.879,1.47308,1.47108,2.3100,2.4700
13.01.2014 00:05:18.273,1.47309,1.47109,2.5500,2.9400
13.01.2014 00:05:19.785,1.47310,1.47110,2.0300,2.2700
13.01.2014 00:05:21.370,1.47311,1.47111,2.2600,1.2900
13.01.2014 00:05:22.851,1.47311,1.47111,1.5900,2.8400
13.01.2014 00:05:24.422,1.47315,1.47115,1.1700,2.4200
13.01.2014 00:05:25.842,1.47313,1.47113,1.0900,1.8600
13.01.2014 00:05:27.321,1.47313,1.47113,1.7500,1.4300
13.01.2014 00:05:28.754,1.47315,1.47115,1.1200,2.3800
13.01.2014 00:05:30.099,1.47313,1.47113,1.2900,2.4800
13.01.2014 00:05:31.470,1.47313,1.47113,1.9500,2.6700
13.01.2014 00:05:32.834,1.47315,1.47115,1.5500,2.6000
13.01.2014 00:05:34.281,1.47314,1.47114,2.9100,1.1200
13.01.2014 00:05:35.701,1.47315,1.47115,2.4900,1.6800
13.01.2014 00:05:37.181,1.47315,1.47115,2.6000,1.3300
13.01.2014 00:05:38.528,1.47318,1.47118,2.7300,2.7100
13.01.2014 00:05:39.938,1.47318,1.47118,1.4200,2.6000
13.01.2014 00:05:41.304,1.47318,1.47118,2.6600,2.7500
13.01.2014 00:05:42.745,1.47318,1.47118,1.9500,1.1200
13.01.2014 00:05:44.141,1.47320,1.47120,2.6700,1.5100
13.01.2014 00:05:45.511,1.47319,1.47119,1.8600,2.7100
13.01.2014 00:05:46.753,1.47319,1.47119,1.0800,2.6700
13.01.2014 00:05:48.356,1.47318,1.47118,2.6900,2.4900
13.01.2014 00:05:49.836,1.47318,1.47118,1.4400,1.3700
13.01.2014 00:05:51.317,1.47316,1.47116,1.5400,1.3300
13.01.2014 00:05:52.588,1.47315,1.47115,1.5200,2.5200
13.01.2014 00:05:54.046,1.47313,1.47113,1.2600,1.2800
13.01.2014 00:05:55.334,1.47312,1.47112,2.1400,2.1000
13.01.2014 00:05:56.863,1.47312,1.47112,2.3300,1.4000
13.01.2014 00:05:58.165,1.47310,1.47110,1.9900,2.1400
13.01.2014 00:05:59.383,1.47308,1.47108,1.2900,1.5700
13.01.2014 00:06:00.825,1.47307,1.47107,2.5400,1.8700
13.01.2014 00:06:02.185,1.47306,1.47106,1.0400,2.9500
13.01.2014 00:06:03.558,1.47306,1.47106,2.2900,1.7300
13.01.2014 00:06:05.052,1.47306,1.47106,1.5100,1.4100
13.01.2014 00:06:06.554,1.47305,1.47105,2.7200,1.3400
13.01.2014 00:06:07.684,1.47308,1.47108,2.1800,2.1300
13.01.2014 00:06:09.075,1.47308,1.47108,2.7400,1.6700
13.01.2014 00:06:10.444,1.47306,1.47106,1.7500,2.8900
13.01.2014 00:06:11.942,1.47309,1.47109,1.9800,2.5200
13.01.2014 00:06:13.400,1.47308,1.47108,1.4000,2.1800
13.01.2014 00:06:14.701,1.47309,1.47109,1.1700,1.0300
13.01.2014 00:06:16.325,1.47308,1.47108,2.9900,2.3500
13.01.2014 00:06:17.813,1.47303,1.47103,1.9700,2.6500
13.01.2014 00:06:19.163,1.47301,1.47101,2.3100,1.9100
13.01.2014 00:06:20.709,1.47300,1.47100,2.0300,2.6700
13.01.2014 00:06:22.132,1.47300,1.47100,2.9600,2.2900
13.01.2014 00:06:23.531,1.47301,1.47101,2.5000,1.3700
13.01.2014 00:06:24.991,1.47303,1.47103,1.2300,2.4400
13.01.2014 00:06:26.362,1.47306,1.47106,2.5100,2.7300
13.01.2014 00:06:27.760,1.47306,1.47106,1.0100,2.6200
13.01.2014 00:06:29.107,1.47306,1.47106,1.8100,1.9700
13.01.2014 00:06:30.379,1.47304,1.47104,2.5400,2.0100
13.01.2014 00:06:31.541,1.47304,1.47104,1.6200,2.3900
13.01.2014 00:06:32.917,1.47306,1.47106,1.2400,2.8000
13.01.2014 00:06:34.436,1.47305,1.47105,2.2700,1.6800
13.01.2014 00:06:36.104,1.47304,1.47104,2.6100,2.5700
13.01.2014 00:06:37.387,1.47305,1.47105,2.3200,1.0600
13.01.2014 00:06:38.757,1.47308,1.47108,1.8000,1.5600
13.01.2014 00:06:40.289,1.47304,1.47104,2.1000,1.9600
13.01.2014 00:06:41.622,1.47305,1.47105,2.1400,2.0800
13.01.2014 00:06:42.870,1.47305,1.47105,2.9000,2.8200
13.01.2014 00:06:43.963,1.47305,1.47105,2.7300,2.3000
13.01.2014 00:06:45.469,1.47303,1.47103,2.5300,2.1900
13.01.2014 00:06:46.840,1.47300,1.47100,2.4200,1.3800
13.01.2014 00:06:48.185,1.47301,1.47101,2.1100,1.5900
13.01.2014 00:06:49.395,1.47299,1.47099,2.6400,2.6200
13.01.2014 00:06:50.981,1.47299,1.47099,2.1700,2.5700
13.01.2014 00:06:52.265,1.47296,1.47096,1.1200,2.3400
13.01.2014 00:06:53.691,1.47296,1.47096,1.5200,1.7600
13.01.2014 00:06:55.102,1.47292,1.47092,1.8800,2.6200
13.01.2014 00:06:56.289,1.47292,1.47092,1.9900,2.8200
13.01.2014 00:06:57.844,1.47295,1.47095,2.0600,2.8300
13.01.2014 00:06:59.304,1.47294,1.47094,1.2100,2.4600
13.01.2014 00:07:00.540,1.47295,1.47095,2.4200,2.5600
13.01.2014 00:07:02.020,1.47298,1.47098,1.2200,1.2100
13.01.2014 00:07:03.433,1.47302,1.47102,1.2200,1.2100
13.01.2014 00:07:04.845,1.47301,1.47101,2.1800,2.2700
13.01.2014 00:07:06.159,1.47302,1.47102,1.4900,2.4700
13.01.2014 00:07:07.586,1.47301,1.47101,2.5900,2.2800
13.01.2014 00:07:08.831,1.47300,1.47100,2.0900,1.9800
13.01.2014 00:07:10.150,1.47300,1.47100,1.4500,1.8100
13.01.2014 00:07:11.453,1.47302,1.47102,1.7400,1.1100
13.01.2014 00:07:12.757,1.47302,1.47102,1.5100,1.6200
13.01.2014 00:07:14.182,1.47302,1.47102,2.7200,2.9700
13.01.2014 00:07:15.569,1.47300,1.47100,1.2000,2.4900
13.01.2014 00:07:16.906,1.47301,1.47101,2.1000,1.1600
13.01.2014 00:07:18.400,1.47300,1.47100,2.4200,2.8900
13.01.2014 00:07:19.876,1.47300,1.47100,1.5200,1.3500
13.01.2014 00:07:21.362,1.47299,1.47099,2.6200,2.7000
13.01.2014 00:07:22.677,1.47299,1.47099,1.0900,2.0000
13.01.2014 00:07:24.142,1.47300,1.47100,2.1800,1.7800
13.01.2014 00:07:25.549,1.47299,1.47099,2.5000,2.3800
13.01.2014 00:07:26.924,1.47299,1.47099,2.1800,2.3100
13.01.2014 00:07:28.310,1.47301,1.47101,2.9700,1.4800
13.01.2014 00:07:29.878,1.47301,1.47101,1.6600,2.4300
13.01.2014 00:07:31.290,1.47302,1.47102,2.8300,2.8800
13.01.2014 00:07:32.658,1.47301,1.47101,2.1200,1.9500
13.01.2014 00:07:34.045,1.47302,1.47102,2.4600,1.5400
13.01.2014 00:07:35.582,1.47301,1.47101,1.8800,1.2900
13.01.2014 00:07:36.924,1.47302,1.47102,1.3700,1.9100
13.01.2014 00:07:38.435,1.47304,1.47104,2.8500,1.5100
13.01.2014 00:07:39.938,1.47302,1.47102,2.0400,1.7200
13.01.2014 00:07:41.340,1.47303,1.47103,2.6200,2.5500
13.01.2014 00:07:42.894,1.47306,1.47106,2.1000,1.1800
13.01.2014 00:07:44.314,1.47305,1.47105,2.7200,1.7800
13.01.2014 00:07:45.891,1.47307,1.47107,2.1100,2.5100
13.01.2014 00:07:47.368,1.47306,1.47106,1.4300,2.9700
13.01.2014 00:07:48.698,1.47304,1.47104,1.1100,2.6800
13.01.2014 00:07:50.071,1.47303,1.47103,2.9400,1.3300
13.01.2014 00:07:51.408,1.47306,1.47106,1.9000,1.7100
13.01.2014 00:07:52.723,1.47306,1.47106,2.5500,2.0500
13.01.2014 00:07:54.226,1.47304,1.47104,1.1700,1.6500
13.01.2014 00:07:55.612,1.47304,1.47104,2.8600,2.2500
13.01.2014 00:07:57.112,1.47305,1.47105,1.0100,2.2900
13.01.2014 00:07:58.321,1.47305,1.47105,2.7300,1.1500
13.01.2014 00:07:59.631,1.47305,1.47105,1.0900,2.5300
13.01.2014 00:08:01.139,1.47306,1.47106,2.2700,2.1300
13.01.2014 00:08:02.525,1.47306,1.47106,1.6800,2.7400
13.01.2014 00:08:03.983,1.47304,1.47104,1.9100,2.0900
13.01.2014 00:08:05.303,1.47306,1.47106,2.7900,1.2100
13.01.2014 00:08:06.523,1.47305,1.47105,1.2600,1.6500
13.01.2014 00:08:08.001,1.47307,1.47107,2.3800,2.7800
13.01.2014 00:08:09.302,1.47306,1.47106,1.2500,1.8200
13.01.2014 00:08:10.564,1.47307,1.47107,1.5300,2.4700
13.01.2014 00:08:11.942,1.47308,1.47108,2.3700,2.1700
13.01.2014 00:08:13.259,1.47308,1.47108,1.1500,2.2400
13.01.2014 00:08:14.630,1.47308,1.47108,1.1400,2.3100
13.01.2014 00:08:16.101,1.47307,1.47107,2.5800,1.8700
13.01.2014 00:08:17.445,1.47308,1.47108,1.8500,2.0000
13.01.2014 00:08:18.827,1.47305,1.47105,2.8600,2.3600
13.01.2014 00:08:20.289,1.47303,1.47103,1.4300,1.2500
13.01.2014 00:08:21.653,1.47305,1.47105,2.7000,2.2800
13.01.2014 00:08:23.068,1.47304,1.47104,2.1200,1.7600
13.01.2014 00:08:24.506,1.47305,1.47105,2.1900,1.1200
13.01.2014 00:08:25.649,1.47304,1.47104,2.6400,1.3300
13.01.2014 00:08:27.117,1.47306,1.47106,1.0800,1.7200
13.01.2014 00:08:28.576,1.47304,1.47104,1.4000,1.0700
13.01.2014 00:08:29.837,1.47302,1.47102,2.8400,1.5700
13.01.2014 00:08:31.101,1.47302,1.47102,2.2600,2.4700
13.01.2014 00:08:32.460,1.47302,1.47102,2.4700,2.9300
13.01.2014 00:08:33.690,1.47303,1.47103,1.0700,1.8700
13.01.2014 00:08:34.979,1.47301,1.47101,2.9900,1.1300
13.01.2014 00:08:36.302,1.47303,1.47103,1.7500,1.2900
13.01.2014 00:08:37.779,1.47302,1.47102,2.0400,1.1100
13.01.2014 00:08:39.222,1.47302,1.47102,1.0700,2.1800
13.01.2014 00:08:40.655,1.47304,1.47104,2.7800,2.5100
13.01.2014 00:08:42.132,1.47302,1.47102,1.9300,2.5400
13.01.2014 00:08:43.513,1.47302,1.47102,1.3400,1.2600
13.01.2014 00:08:45.020,1.47303,1.47103,1.1400,1.3200
13.01.2014 00:08:46.579,1.47302,1.47102,1.5600,2.6300
13.01.2014 00:08:47.993,1.47305,1.47105,2.9700,2.3900
13.01.2014 00:08:49.235,1.47304,1.47104,2.1000,2.4300
13.01.2014 00:08:50.900,1.47304,1.47104,1.8300,2.0500
13.01.2014 00:08:52.232,1.47302,1.47102,1.9600,1.0200
13.01.2014 00:08:53.728,1.47299,1.47099,1.4600,1.4500
13.01.2014 00:08:55.133,1.47301,1.47101,1.8000,2.9300
13.01.2014 00:08:56.558,1.47302,1.47102,1.5600,2.3300
13.01.2014 00:08:57.882,1.47302,1.47102,1.3100,2.8300
13.01.2014 00:08:59.313,1.47305,1.47105,1.3400,2.4300
13.01.2014 00:09:00.711,1.47306,1.47106,2.3400,1.7000
13.01.2014 00:09:02.095,1.47305,1.47105,2.3300,2.1000
13.01.2014 00:09:03.722,1.47306,1.47106,2.4200,2.4300
13.01.2014 00:09:05.105,1.47308,1.47108,2.0600,1.1000
13.01.2014 00:09:06.424,1.47309,1.47109,2.9400,1.8500
13.01.2014 00:09:07.678,1.47310,1.47110,2.3700,2.4100
13.01.2014 00:09:09.100,1.47312,1.47112,1.3400,1.0700
13.01.2014 00:09:10.478,1.47314,1.47114,2.1600,1.1900
13.01.2014 00:09:11.720,1.47316,1.47116,1.7600,1.5800
13.01.2014 00:09:13.051,1.47317,1.47117,2.3500,1.8900
13.01.2014 00:09:14.334,1.47316,1.47116,2.2600,1.6300
13.01.2014 00:09:15.790,1.47314,1.47114,2.4300,1.4700
13.01.2014 00:09:17.123,1.47316,1.47116,2.8100,1.3000
13.01.2014 00:09:18.546,1.47315,1.47115,2.9400,1.2400
13.01.2014 00:09:19.960,1.47315,1.47115,2.1800,2.4300
13.01.2014 00:09:21.442,1.47314,1.47114,1.3200,2.1400
13.01.2014 00:09:22.717,1.47317,1.47117,1.2600,2.4400
13.01.2014 00:09:24.172,1.47318,1.47118,1.4200,1.1100
13.01.2014 00:09:25.597,1.47316,1.47116,2.7500,2.9300
13.01.2014 00:09:27.068,1.47315,1.47115,1.8200,1.7400
13.01.2014 00:09:28.436,1.47316,1.47116,2.8700,2.2400
13.01.2014 00:09:29.757,1.47316,1.47116,2.8300,2.7500
13.01.2014 00:09:31.292,1.47317,1.47117,2.7000,1.8100
13.01.2014 00:09:32.523,1.47318,1.47118,1.1600,2.4600
13.01.2014 00:09:33.889,1.47319,1.47119,2.0500,1.0400
13.01.2014 00:09:35.398,1.47321,1.47121,1.8400,1.5800
13.01.2014 00:09:36.815,1.47320,1.47120,2.5200,1.0500
13.01.2014 00:09:38.263,1.47318,1.47118,2.4400,1.4000
13.01.2014 00:09:39.742,1.47316,1.47116,2.8400,1.3500
13.01.2014 00:09:41.099,1.47316,1.47116,2.5300,1.5600
13.01.2014 00:09:42.371,1.47316,1.47116,1.9800,1.5800
13.01.2014 00:09:43.765,1.47317,1.47117,2.7000,1.0600
13.01.2014 00:09:45.244,1.47315,1.47115,2.1300,2.7000
13.01.2014 00:09:46.668,1.47317,1.47117,1.7800,2.2100
13.01.2014 00:09:48.072,1.47315,1.47115,2.0100,2.1400
13.01.2014 00:09:49.480,1.47315,1.47115,1.7200,2.1900
13.01.2014 00:09:50.806,1.47316,1.47116,1.0200,2.3200
13.01.2014 00:09:52.197,1.47316,1.47116,2.6600,1.8100
13.01.2014 00:09:53.556,1.47316,1.47116,1.6600,2.8200
13.01.2014 00:09:54.871,1.47317,1.47117,1.2700,1.4000
13.01.2014 00:09:56.424,1.47316,1.47116,1.0600,2.5300
13.01.2014 00:09:57.710,1.47310,1.47110,2.2400,2.6700
13.01.2014 00:09:58.943,1.47307,1.47107,2.7500,1.5300
13.01.2014 00:10:00.468,1.47307,1.47107,1.5900,2.8500
13.01.2014 00:10:01.530,1.47307,1.47107,1.6000,2.3800
13.01.2014 00:10:02.930,1.47308,1.47108,1.4700,1.2900
13.01.2014 00:10:04.161,1.47307,1.47107,1.6300,2.1000
13.01.2014 00:10:05.535,1.47308,1.47108,1.9700,1.0400
13.01.2014 00:10:07.021,1.47308,1.47108,2.2400,1.5100
13.01.2014 00:10:08.555,1.47310,1.47110,1.2600,2.9600
13.01.2014 00:10:09.869,1.47310,1.47110,1.1300,1.8800
13.01.2014 00:10:11.261,1.47312,1.47112,1.3900,1.0700
13.01.2014 00:10:12.709,1.47314,1.47114,2.3600,1.9500
13.01.2014 00:10:14.132,1.47313,1.47113,2.0400,1.0800
13.01.2014 00:10:15.499,1.47311,1.47111,1.3500,1.5400
13.01.2014 00:10:17.109,1.47313,1.47113,1.4300,1.9100
13.01.2014 00:10:18.571,1.47314,1.47114,2.2500,2.3600
13.01.2014 00:10:20.135,1.47318,1.47118,1.2400,1.5400
13.01.2014 00:10:21.667,1.47321,1.47121,1.7400,2.4400
13.01.2014 00:10:23.089,1.47321,1.47121,1.8400,1.0600
13.01.2014 00:10:24.537,1.47324,1.47124,2.9100,2.1100
13.01.2014 00:10:25.888,1.47324,1.47124,1.8600,1.6300
13.01.2014 00:10:27.287,1.47321,1.47121,1.0300,1.7000
13.01.2014 00:10:28.586,1.47323,1.47123,1.8400,1.5100
13.01.2014 00:10:29.848,1.47325,1.47125,1.2500,1.2700
13.01.2014 00:10:31.280,1.47327,1.47127,1.1800,2.2400
13.01.2014 00:10:32.701,1.47326,1.47126,2.0100,2.3300
13.01.2014 00:10:34.262,1.47326,1.47126,2.8500,1.3500
13.01.2014 00:10:35.624,1.47328,1.47128,2.7900,1.9700
13.01.2014 00:10:36.899,1.47328,1.47128,1.2900,2.5600
13.01.2014 00:10:38.081,1.47328,1.47128,2.4000,2.9500
13.01.2014 00:10:39.613,1.47329,1.47129,2.3900,1.0400
13.01.2014 00:10:40.875,1.47332,1.47132,1.2800,2.7500
13.01.2014 00:10:42.461,1.47335,1.47135,1.9600,2.8500
13.01.2014 00:10:43.828,1.47335,1.47135,2.6500,1.4200
13.01.2014 00:10:45.334,1.47332,1.47132,2.1200,2.1200
13.01.2014 00:10:46.748,1.47332,1.47132,1.3800,1.4800
13.01.2014 00:10:48.116,1.47330,1.47130,1.7300,1.6300
13.01.2014 00:10:49.592,1.47328,1.47128,1.2200,2.9000
13.01.2014 00:10:51.024,1.47329,1.47129,1.0800,1.8800
13.01.2014 00:10:52.564,1.47330,1.47130,1.1500,1.8300
13.01.2014 00:10:53.891,1.47329,1.47129,2.6800,2.0600
13.01.2014 00:10:55.227,1.47329,1.47129,1.1200,1.6600
13.01.2014 00:10:56.557,1.47330,1.47130,1.5000,1.7200
13.01.2014 00:10:57.930,1.47330,1.47130,1.1400,2.4700
13.01.2014 00:10:59.468,1.47329,1.47129,2.0800,1.8900
13.01.2014 00:11:00.919,1.47331,1.47131,1.0900,2.9700
13.01.2014 00:11:02.400,1.47331,1.47131,1.7400,3.0000
13.01.2014 00:11:03.835,1.47331,1.47131,1.6000,1.9500
13.01.2014 00:11:05.320,1.47329,1.47129,2.3300,1.1900
13.01.2014 00:11:06.689,1.47329,1.47129,2.0000,2.1600
13.01.2014 00:11:07.955,1.47329,1.47129,1.3900,1.4000
13.01.2014 00:11:09.373,1.47326,1.47126,1.1500,2.8500
13.01.2014 00:11:10.715,1.47324,1.47124,1.1600,2.3300
13.01.2014 00:11:12.054,1.47324,1.47124,2.0700,1.6100
13.01.2014 00:11:13.324,1.47326,1.47126,2.5900,2.9200
13.01.2014 00:11:14.616,1.47325,1.47125,2.4400,2.0600
13.01.2014 00:11:16.072,1.47328,1.47128,1.6400,1.4900
13.01.2014 00:11:17.491,1.47327,1.47127,2.9700,1.7200
13.01.2014 00:11:18.800,1.47328,1.47128,2.1200,2.7700
13.01.2014 00:11:20.239,1.47327,1.47127,2.1700,2.0400
13.01.2014 00:11:21.481,1.47328,1.47128,1.3400,1.7400
13.01.2014 00:11:22.862,1.47327,1.47127,2.5000,2.1500
13.01.2014 00:11:24.247,1.47328,1.47128,2.6900,1.0900
13.01.2014 00:11:25.733,1.47328,1.47128,1.8400,2.1100
13.01.2014 00:11:27.215,1.47327,1.47127,2.7600,1.3800
13.01.2014 00:11:28.635,1.47326,1.47126,2.3300,2.7300
13.01.2014 00:11:29.902,1.47327,1.47127,2.4400,2.7500
13.01.2014 00:11:31.210,1.47324,1.47124,1.7900,2.8900
13.01.2014 00:11:32.479,1.47325,1.47125,1.0600,2.6500
13.01.2014 00:11:33.992,1.47327,1.47127,2.4200,1.6000
13.01.2014 00:11:35.399,1.47327,1.47127,1.6800,1.6300
13.01.2014 00:11:36.703,1.47329,1.47129,2.9100,2.0400
13.01.2014 00:11:38.073,1.47326,1.47126,1.4500,1.5500
13.01.2014 00:11:39.481,1.47325,1.47125,2.6300,2.5600
13.01.2014 00:11:40.912,1.47328,1.47128,1.5300,1.4600
13.01.2014 00:11:42.250,1.47328,1.47128,2.5400,2.5700
13.01.2014 00:11:43.448,1.47328,1.47128,2.7000,1.0500
13.01.2014 00:11:44.888,1.47329,1.47129,2.8600,2.4400
13.01.2014 00:11:46.352,1.47328,1.47128,1.3400,1.7000
13.01.2014 00:11:47.716,1.47327,1.47127,1.6100,2.9600
13.01.2014 00:11:48.974,1.47327,1.47127,2.8900,2.5800
13.01.2014 00:11:50.373,1.47326,1.47126,2.1500,2.5500
13.01.2014 00:11:51.522,1.47326,1.47126,1.4800,1.5300
13.01.2014 00:11:52.881,1.47324,1.47124,2.3500,2.0300
13.01.2014 00:11:54.383,1.47328,1.47128,2.0400,2.7900
13.01.2014 00:11:55.715,1.47329,1.47129,2.2200,1.7200
13.01.2014 00:11:56.883,1.47331,1.47131,2.3600,2.5700
13.01.2014 00:11:58.286,1.47332,1.47132,1.3600,2.0500
13.01.2014 00:11:59.792,1.47332,1.47132,2.7500,1.9100
13.01.2014 00:12:01.049,1.47333,1.47133,2.6000,1.9600
13.01.2014 00:12:02.435,1.47332,1.47132,1.5900,1.9600
13.01.2014 00:12:03.849,1.47331,1.47131,2.4200,1.3900
13.01.2014 00:12:05.339,1.47331,1.47131,2.5200,1.3600
13.01.2014 00:12:06.601,1.47334,1.47134,2.2800,2.9400
13.01.2014 00:12:07.890,1.47334,1.47134,2.1000,1.2100
13.01.2014 00:12:09.239,1.47335,1.47135,2.5300,1.9800
13.01.2014 00:12:10.612,1.47335,1.47135,2.9200,2.0000
13.01.2014 00:12:12.156,1.47332,1.47132,2.5300,2.1600
13.01.2014 00:12:13.549,1.47332,1.47132,1.2500,1.3000
13.01.2014 00:12:15.024,1.47333,1.47133,2.3700,2.0300
13.01.2014 00:12:16.379,1.47333,1.47133,2.0200,1.9800
13.01.2014 00:12:17.858,1.47330,1.47130,1.5300,2.7400
13.01.2014 00:12:19.366,1.47329,1.47129,1.0600,2.1200
13.01.2014 00:12:20.779,1.47332,1.47132,1.2100,2.6800
13.01.2014 00:12:22.208,1.47336,1.47136,2.5000,1.0700
13.01.2014 00:12:23.699,1.47336,1.47136,1.4200,1.2700
13.01.2014 00:12:25.187,1.47337,1.47137,2.7900,2.5200
13.01.2014 00:12:26.845,1.47339,1.47139,2.7400,2.9400
13.01.2014 00:12:28.285,1.47337,1.47137,1.6900,1.2600
13.01.2014 00:12:29.774,1.47339,1.47139,2.4000,2.9900
13.01.2014 00:12:31.273,1.47337,1.47137,2.2500,1.6300
13.01.2014 00:12:32.716,1.47335,1.47135,2.6600,1.2200
13.01.2014 00:12:34.085,1.47334,1.47134,2.4700,1.4100
13.01.2014 00:12:35.248,1.47335,1.47135,1.2100,1.4600
13.01.2014 00:12:36.634,1.47338,1.47138,2.5000,2.5300
13.01.2014 00:12:38.163,1.47334,1.47134,2.4800,1.7900
13.01.2014 00:12:39.563,1.47332,1.47132,2.3800,2.0700
13.01.2014 00:12:40.928,1.47331,1.47131,2.9300,1.0200
13.01.2014 00:12:42.427,1.47330,1.47130,2.3800,2.0900
13.01.2014 00:12:43.629,1.47328,1.47128,1.6400,2.3900
13.01.2014 00:12:45.082,1.47331,1.47131,2.9300,2.9400
13.01.2014 00:12:46.618,1.47330,1.47130,1.0600,1.9700
13.01.2014 00:12:47.981,1.47331,1.47131,2.0700,1.4100
13.01.2014 00:12:49.263,1.47334,1.47134,1.2400,2.6400
13.01.2014 00:12:50.602,1.47335,1.47135,1.5400,2.8800
13.01.2014 00:12:51.952,1.47333,1.47133,1.5300,2.8400
13.01.2014 00:12:53.398,1.47331,1.47131,2.5900,1.6500
13.01.2014 00:12:54.645,1.47330,1.47130,2.3900,1.3200
13.01.2014 00:12:55.991,1.47329,1.47129,2.6200,2.0500
13.01.2014 00:12:57.434,1.47327,1.47127,2.8600,1.0000
13.01.2014 00:12:58.803,1.47328,1.47128,2.7300,1.1000
13.01.2014 00:13:00.326,1.47327,1.47127,1.7200,1.5400
13.01.2014 00:13:01.763,1.47327,1.47127,1.3700,2.6600
13.01.2014 00:13:03.139,1.47327,1.47127,1.9500,1.7400
13.01.2014 00:13:04.494,1.47328,1.47128,1.2900,2.4000
13.01.2014 00:13:05.982,1.47329,1.47129,2.0000,2.0200
13.01.2014 00:13:07.283,1.47330,1.47130,1.1400,2.1700
13.01.2014 00:13:08.672,1.47331,1.47131,1.4600,2.7400
13.01.2014 00:13:09.880,1.47330,1.47130,1.4500,2.1500
13.01.2014 00:13:11.150,1.47330,1.47130,2.1600,2.3500
13.01.2014 00:13:12.609,1.47329,1.47129,2.9300,2.6700
13.01.2014 00:13:14.115,1.47326,1.47126,2.6600,1.0400
13.01.2014 00:13:15.448,1.47327,1.47127,1.0700,1.9400
13.01.2014 00:13:16.857,1.47328,1.47128,1.5200,1.2500
13.01.2014 00:13:18.154,1.47330,1.47130,1.4200,1.6300
13.01.2014 00:13:19.566,1.47329,1.47129,2.4800,2.7300
13.01.2014 00:13:20.887,1.47330,1.47130,2.8400,2.2300
13.01.2014 00:13:22.456,1.47328,1.47128,2.6100,1.3600
13.01.2014 00:13:23.685,1.47328,1.47128,1.2100,1.4000
13.01.2014 00:13:24.796,1.47328,1.47128,1.0200,1.8100
13.01.2014 00:13:26.126,1.47326,1.47126,2.8000,1.7200
13.01.2014 00:13:27.500,1.47324,1.47124,2.6800,2.9000
13.01.2014 00:13:29.143,1.47323,1.47123,2.5500,2.0600
13.01.2014 00:13:30.537,1.47325,1.47125,2.5800,2.0900
13.01.2014 00:13:31.879,1.47324,1.47124,2.3500,2.2400
13.01.2014 00:13:33.276,1.47326,1.47126,1.5900,1.6900
13.01.2014 00:13:34.731,1.47325,1.47125,1.5700,1.6500
13.01.2014 00:13:36.321,1.47327,1.47127,1.4500,2.0200
13.01.2014 00:13:37.858,1.47329,1.47129,2.6900,1.2000
13.01.2014 00:13:38.993,1.47330,1.47130,2.9100,1.7500
13.01.2014 00:13:40.294,1.47330,1.47130,1.5800,1.8000
13.01.2014 00:13:41.820,1.47331,1.47131,1.2800,1.8700
13.01.2014 00:13:43.338,1.47331,1.47131,2.5000,1.1700
13.01.2014 00:13:44.560,1.47329,1.47129,1.3400,2.9200
13.01.2014 00:13:45.996,1.47327,1.47127,2.1200,1.1900
13.01.2014 00:13:47.392,1.47325,1.47125,2.2300,2.7000
13.01.2014 00:13:48.700,1.47324,1.47124,2.4300,2.0500
13.01.2014 00:13:50.309,1.47325,1.47125,2.8600,1.4100
13.01.2014 00:13:51.681,1.47327,1.47127,1.5300,1.2200
13.01.2014 00:13:53.143,1.47328,1.47128,1.6800,2.2800
13.01.2014 00:13:54.522,1.47328,1.47128,1.9300,2.6700
13.01.2014 00:13:56.005,1.47330,1.47130,1.6900,1.2900
13.01.2014 00:13:57.370,1.47331,1.47131,1.7300,1.1200
13.01.2014 00:13:58.860,1.47333,1.47133,2.5100,1.0100
13.01.2014 00:14:00.415,1.47333,1.47133,2.1800,1.1900
13.01.2014 00:14:01.791,1.47333,1.47133,2.8100,2.5400
13.01.2014 00:14:03.119,1.47334,1.47134,1.4200,2.9900
13.01.2014 00:14:04.561,1.47332,1.47132,2.9900,2.3500
13.01.2014 00:14:06.010,1.47332,1.47132,1.1700,1.7100
13.01.2014 00:14:07.276,1.47333,1.47133,2.8200,1.7700
13.01.2014 00:14:08.700,1.47333,1.47133,2.2900,2.5800
13.01.2014 00:14:10.113,1.47335,1.47135,1.2100,1.5500
13.01.2014 00:14:11.325,1.47335,1.47135,1.6300,2.8900
13.01.2014 00:14:13.003,1.47333,1.47133,1.2600,2.5900
13.01.2014 00:14:14.469,1.47335,1.47135,2.8600,1.3700
13.01.2014 00:14:15.926,1.47338,1.47138,1.6400,1.6500
13.01.2014 00:14:17.211,1.47336,1.47136,2.5800,1.8900
13.01.2014 00:14:18.723,1.47338,1.47138,1.2000,2.3900
13.01.2014 00:14:20.100,1.47340,1.47140,1.4600,2.2600
13.01.2014 00:14:21.672,1.47339,1.47139,2.6600,1.3200
13.01.2014 00:14:23.188,1.47340,1.47140,2.3900,1.0500
13.01.2014 00:14:24.770,1.47338,1.47138,1.6200,2.8800
13.01.2014 00:14:26.132,1.47340,1.47140,2.9700,1.4500
13.01.2014 00:14:27.632,1.47345,1.47145,1.8200,1.7200
13.01.2014 00:14:29.069,1.47345,1.47145,2.3800,2.7300
13.01.2014 00:14:30.363,1.47343,1.47143,2.4400,2.0300
13.01.2014 00:14:31.806,1.47341,1.47141,1.0400,2.1700
13.01.2014 00:14:33.285,1.47341,1.47141,2.6400,1.8600
13.01.2014 00:14:34.790,1.47342,1.47142,1.1100,2.0300
13.01.2014 00:14:36.214,1.47341,1.47141,2.9100,1.6800
13.01.2014 00:14:37.792,1.47344,1.47144,2.8300,2.8500
13.01.2014 00:14:39.233,1.47346,1.47146,2.7500,1.8700
13.01.2014 00:14:40.565,1.47347,1.47147,1.5100,2.4500
13.01.2014 00:14:41.983,1.47349,1.47149,1.5600,1.0500
13.01.2014 00:14:43.565,1.47347,1.47147,1.6500,1.9700
13.01.2014 00:14:44.966,1.47347,1.47147,1.9500,1.3800
13.01.2014 00:14:46.425,1.47345,1.47145,1.4700,2.3300
13.01.2014 00:14:47.775,1.47345,1.47145,2.3800,2.7900
13.01.2014 00:14:49.217,1.47346,1.47146,1.5200,1.7200
13.01.2014 00:14:50.587,1.47349,1.47149,2.6000,1.9400
13.01.2014 00:14:51.970,1.47350,1.47150,1.6400,1.7800
13.01.2014 00:14:53.187,1.47352,1.47152,2.6300,1.6500
13.01.2014 00:14:54.811,1.47354,1.47154,2.7800,1.2600
13.01.2014 00:14:56.263,1.47353,1.47153,1.6600,2.8500
13.01.2014 00:14:57.665,1.47353,1.47153,1.8900,1.9400
13.01.2014 00:14:59.237,1.47353,1.47153,2.4500,1.4400
13.01.2014 00:15:00.723,1.47354,1.47154,1.1100,1.2100
13.01.2014 00:15:02.157,1.47354,1.47154,2.6500,1.0600
13.01.2014 00:15:03.563,1.47355,1.47155,2.1500,2.8600
13.01.2014 00:15:05.102,1.47353,1.47153,2.6400,2.4600
13.01.2014 00:15:06.629,1.47351,1.47151,1.0700,1.6500
13.01.2014 00:15:07.967,1.47350,1.47150,2.7700,2.4300
13.01.2014 00:15:09.304,1.47349,1.47149,1.7200,1.5900
13.01.2014 00:15:10.898,1.47351,1.47151,1.0000,1.3500
13.01.2014 00:15:12.301,1.47350,1.47150,1.7200,1.8700
13.01.2014 00:15:13.874,1.47355,1.47155,1.0000,1.4400
13.01.2014 00:15:15.185,1.47355,1.47155,1.3800,1.3900
13.01.2014 00:15:16.551,1.47357,1.47157,2.8200,1.4200
13.01.2014 00:15:17.953,1.47357,1.47157,2.7500,2.7700
13.01.2014 00:15:19.352,1.47356,1.47156,2.3600,1.7700
13.01.2014 00:15:20.924,1.47357,1.47157,1.4800,2.4800
13.01.2014 00:15:22.308,1.47357,1.47157,2.7200,1.3300
13.01.2014 00:15:23.675,1.47358,1.47158,1.2200,2.4100
13.01.2014 00:15:24.972,1.47357,1.47157,1.6200,1.8000
13.01.2014 00:15:26.264,1.47359,1.47159,2.1500,2.1100
13.01.2014 00:15:27.622,1.47356,1.47156,2.7000,1.5200
13.01.2014 00:15:29.182,1.47354,1.47154,1.1700,1.6700
13.01.2014 00:15:30.632,1.47348,1.47148,1.6000,1.1400
13.01.2014 00:15:31.975,1.47349,1.47149,1.9400,1.6000
13.01.2014 00:15:33.273,1.47350,1.47150,2.4000,2.9900
13.01.2014 00:15:34.697,1.47350,1.47150,1.5100,1.8600
13.01.2014 00:15:35.974,1.47346,1.47146,1.9500,1.9400
13.01.2014 00:15:37.587,1.47347,1.47147,2.6400,1.9000
13.01.2014 00:15:38.962,1.47348,1.47148,2.8000,2.6800
13.01.2014 00:15:40.378,1.47351,1.47151,2.8000,2.5700
13.01.2014 00:15:41.710,1.47350,1.47150,1.9200,1.6700
13.01.2014 00:15:43.176,1.47349,1.47149,1.4500,2.9700
13.01.2014 00:15:44.521,1.47347,1.47147,1.1800,2.7000
13.01.2014 00:15:45.758,1.47348,1.47148,2.0400,1.1300
13.01.2014 00:15:47.095,1.47347,1.47147,1.5500,2.7600
13.01.2014 00:15:48.415,1.47349,1.47149,2.9500,2.8800
13.01.2014 00:15:49.840,1.47349,1.47149,2.9300,1.9100
13.01.2014 00:15:51.274,1.47351,1.47151,2.6900,1.6000
13.01.2014 00:15:52.655,1.47351,1.47151,1.2600,1.5900
13.01.2014 00:15:54.121,1.47351,1.47151,1.8000,1.1700
13.01.2014 00:15:55.493,1.47353,1.47153,2.5300,2.1300
13.01.2014 00:15:57.029,1.47354,1.47154,2.3100,2.0500
13.01.2014 00:15:58.537,1.47353,1.47153,2.9700,1.4000
13.01.2014 00:16:00.005,1.47353,1.47153,2.9000,2.6900
13.01.2014 00:16:01.481,1.47354,1.47154,1.6400,1.0500
13.01.2014 00:16:02.683,1.47355,1.47155,2.8200,2.3400
13.01.2014 00:16:04.137,1.47354,1.47154,1.8600,1.8100
13.01.2014 00:16:05.524,1.47355,1.47155,1.2700,1.9400
13.01.2014 00:16:07.119,1.47352,1.47152,1.6200,1.9000
13.01.2014 00:16:08.503,1.47354,1.47154,2.5200,2.0600
13.01.2014 00:16:09.671,1.47352,1.47152,1.3900,1.2100
13.01.2014 00:16:11.039,1.47354,1.47154,2.2100,2.6200
13.01.2014 00:16:12.538,1.47352,1.47152,1.8300,1.4300
13.01.2014 00:16:13.934,1.47351,1.47151,2.3400,1.3300
13.01.2014 00:16:15.354,1.47353,1.47153,2.0400,1.8600
13.01.2014 00:16:16.698,1.47353,1.47153,2.7200,1.4000
13.01.2014 00:16:18.195,1.47353,1.47153,2.9800,2.3600
13.01.2014 00:16:19.697,1.47353,1.47153,2.9900,2.4200
13.01.2014 00:16:20.929,1.47352,1.47152,2.7400,2.8100
13.01.2014 00:16:22.143,1.47349,1.47149,2.8900,2.2800
13.01.2014 00:16:23.616,1.47352,1.47152,2.9600,2.9400
13.01.2014 00:16:25.145,1.47351,1.47151,2.9700,2.5600
13.01.2014 00:16:26.521,1.47350,1.47150,2.9600,1.0900
13.01.2014 00:16:27.903,1.47353,1.47153,1.8500,1.8300
13.01.2014 00:16:29.239,1.47355,1.47155,2.5100,1.0200
13.01.2014 00:16:30.589,1.47354,1.47154,1.7000,1.9800
13.01.2014 00:16:32.050,1.47353,1.47153,1.4100,1.8000
13.01.2014 00:16:33.278,1.47352,1.47152,2.9200,1.2200
13.01.2014 00:16:34.496,1.47354,1.47154,2.5900,1.9100
13.01.2014 00:16:35.939,1.47352,1.47152,2.9600,1.6700
13.01.2014 00:16:37.331,1.47353,1.47153,1.7400,1.7100
13.01.2014 00:16:38.642,1.47354,1.47154,1.2500,1.9500
13.01.2014 00:16:40.046,1.47354,1.47154,2.8800,2.8800
13.01.2014 00:16:41.477,1.47354,1.47154,1.8400,1.2300
13.01.2014 00:16:42.749,1.47352,1.47152,2.3700,2.8100
13.01.2014 00:16:44.049,1.47352,1.47152,1.8000,2.3500
13.01.2014 00:16:45.456,1.47355,1.47155,1.4000,2.4600
13.01.2014 00:16:46.860,1.47355,1.47155,1.9500,1.8200
13.01.2014 00:16:48.225,1.47356,1.47156,2.6600,1.8500
13.01.2014 00:16:49.607,1.47357,1.47157,1.2100,2.7800
13.01.2014 00:16:50.990,1.47356,1.47156,1.9800,2.0400
13.01.2014 00:16:52.666,1.47357,1.47157,1.5000,1.5100
13.01.2014 00:16:54.033,1.47359,1.47159,2.3800,1.8700
13.01.2014 00:16:55.443,1.47358,1.47158,1.3800,1.6100
13.01.2014 00:16:56.776,1.47359,1.47159,1.9400,1.4800
13.01.2014 00:16:58.254,1.47359,1.47159,2.0500,1.7300
13.01.2014 00:16:59.373,1.47359,1.47159,2.0400,1.5300
13.01.2014 00:17:00.825,1.47359,1.47159,1.6200,1.2400
13.01.2014 00:17:02.368,1.47359,1.47159,2.7400,2.8600
13.01.2014 00:17:03.749,1.47359,1.47159,2.9000,1.5400
13.01.2014 00:17:05.158,1.47360,1.47160,1.0600,1.9500
13.01.2014 00:17:06.585,1.47356,1.47156,1.6000,1.5000
13.01.2014 00:17:07.977,1.47355,1.47155,2.6300,2.8400
13.01.2014 00:17:09.543,1.47353,1.47153,2.4200,2.5800
13.01.2014 00:17:10.942,1.47351,1.47151,1.4200,2.7400
13.01.2014 00:17:12.270,1.47350,1.47150,2.8300,1.4700
13.01.2014 00:17:13.735,1.47347,1.47147,2.2100,1.6600
13.01.2014 00:17:15.039,1.47348,1.47148,2.4700,2.6000
13.01.2014 00:17:16.521,1.47350,1.47150,1.4400,2.4900
13.01.2014 00:17:17.985,1.47351,1.47151,2.6400,2.6800
13.01.2014 00:17:19.345,1.47350,1.47150,1.9100,2.1200
13.01.2014 00:17:20.742,1.47351,1.47151,1.5200,1.0300
13.01.2014 00:17:22.009,1.47350,1.47150,2.6500,2.5400
13.01.2014 00:17:23.421,1.47349,1.47149,1.1600,1.1400
13.01.2014 00:17:24.822,1.47345,1.47145,1.9500,1.5800
13.01.2014 00:17:26.068,1.47345,1.47145,1.9800,2.8600
13.01.2014 00:17:27.534,1.47347,1.47147,1.5400,2.2700
13.01.2014 00:17:28.856,1.47348,1.47148,1.8900,1.1100
13.01.2014 00:17:30.281,1.47347,1.47147,1.1300,2.2300
13.01.2014 00:17:31.589,1.47346,1.47146,1.9800,1.5900
13.01.2014 00:17:32.964,1.47345,1.47145,1.3600,1.5700
13.01.2014 00:17:34.247,1.47346,1.47146,1.8900,2.0400
13.01.2014 00:17:35.522,1.47347,1.47147,2.0200,2.2300
13.01.2014 00:17:36.801,1.47347,1.47147,2.0100,2.7100
13.01.2014 00:17:38.291,1.47344,1.47144,2.3500,2.1400
13.01.2014 00:17:39.543,1.47344,1.47144,1.9600,1.5900
13.01.2014 00:17:41.042,1.47340,1.47140,2.8400,1.9800
13.01.2014 00:17:42.464,1.47341,1.47141,1.1800,1.6400
13.01.2014 00:17:43.659,1.47342,1.47142,2.3100,2.9200
13.01.2014 00:17:45.038,1.47343,1.47143,2.3600,2.5100
13.01.2014 00:17:46.445,1.47345,1.47145,2.0800,2.5600
13.01.2014 00:17:47.911,1.47344,1.47144,2.3100,1.1000
13.01.2014 00:17:49.323,1.47346,1.47146,2.4700,1.0800
13.01.2014 00:17:50.597,1.47347,1.47147,1.9500,1.2400
13.01.2014 00:17:52.069,1.47344,1.47144,1.4300,1.3300
13.01.2014 00:17:53.625,1.47343,1.47143,1.1200,2.3900
13.01.2014 00:17:54.997,1.47346,1.47146,2.4600,1.0300
13.01.2014 00:17:56.360,1.47347,1.47147,2.0300,2.5900
13.01.2014 00:17:57.924,1.47347,1.47147,2.0400,1.9500
13.01.2014 00:17:59.453,1.47349,1.47149,2.9900,2.0100
13.01.2014 00:18:00.719,1.47350,1.47150,2.2400,2.9300
13.01.2014 00:18:02.033,1.47350,1.47150,1.0800,1.5600
13.01.2014 00:18:03.385,1.47349,1.47149,1.6100,1.4100
13.01.2014 00:18:04.788,1.47348,1.47148,1.9800,2.3800
13.01.2014 00:18:06.294,1.47344,1.47144,1.7200,2.2600
13.01.2014 00:18:07.692,1.47343,1.47143,2.1700,2.1600
13.01.2014 00:18:09.114,1.47343,1.47143,2.0200,2.3000
13.01.2014 00:18:10.578,1.47344,1.47144,1.4000,2.9200
13.01.2014 00:18:12.143,1.47340,1.47140,1.5900,2.7800
13.01.2014 00:18:13.390,1.47340,1.47140,1.6000,2.0900
13.01.2014 00:18:15.125,1.47339,1.47139,1.3000,1.1800
13.01.2014 00:18:16.578,1.47338,1.47138,1.6800,1.3100
13.01.2014 00:18:17.952,1.47336,1.47136,2.3300,1.0400
13.01.2014 00:18:19.407,1.47335,1.47135,1.9100,1.9900
13.01.2014 00:18:20.972,1.47336,1.47136,2.1200,1.8200
13.01.2014 00:18:22.379,1.47337,1.47137,1.5500,2.4800
13.01.2014 00:18:23.775,1.47337,1.47137,1.3000,2.3200
13.01.2014 00:18:25.107,1.47338,1.47138,1.7500,2.9400
13.01.2014 00:18:26.754,1.47339,1.47139,1.8700,1.6200
13.01.2014 00:18:28.316,1.47338,1.47138,2.4200,2.5600
13.01.2014 00:18:29.630,1.47339,1.47139,1.7600,2.1500
13.01.2014 00:18:31.038,1.47338,1.47138,2.1600,1.1600
13.01.2014 00:18:32.554,1.47338,1.47138,1.1700,1.9600
13.01.2014 00:18:33.852,1.47340,1.47140,1.8300,1.4000
13.01.2014 00:18:35.184,1.47338,1.47138,2.9600,2.6500
13.01.2014 00:18:36.720,1.47339,1.47139,1.5300,2.1600
13.01.2014 00:18:38.139,1.47338,1.47138,1.8200,1.8200
13.01.2014 00:18:39.606,1.47340,1.47140,1.5800,1.6100
13.01.2014 00:18:40.879,1.47340,1.47140,2.4000,1.4000
13.01.2014 00:18:42.266,1.47337,1.47137,2.4500,2.9000
13.01.2014 00:18:43.773,1.47335,1.47135,2.8100,2.6000
13.01.2014 00:18:45.091,1.47333,1.47133,1.4600,2.8200
13.01.2014 00:18:46.565,1.47335,1.47135,1.9700,2.2200
13.01.2014 00:18:47.955,1.47336,1.47136,2.9200,2.0000
13.01.2014 00:18:49.531,1.47336,1.47136,1.8300,2.6200
13.01.2014 00:18:51.014,1.47336,1.47136,2.4300,2.0300
13.01.2014 00:18:52.515,1.47336,1.47136,2.3500,1.1700
13.01.2014 00:18:53.819,1.47333,1.47133,1.9100,2.0700
13.01.2014 00:18:55.168,1.47333,1.47133,1.4100,2.6200
13.01.2014 00:18:56.475,1.47332,1.47132,2.2000,1.7500
13.01.2014 00:18:57.779,1.47332,1.47132,2.7400,2.8000
13.01.2014 00:18:59.038,1.47331,1.47131,2.1700,1.3100
13.01.2014 00:19:00.342,1.47331,1.47131,1.9100,1.2000
13.01.2014 00:19:01.831,1.47332,1.47132,2.4300,1.2700
13.01.2014 00:19:03.225,1.47331,1.47131,1.3200,2.6100
13.01.2014 00:19:04.509,1.47331,1.47131,1.6700,1.5300
13.01.2014 00:19:05.880,1.47331,1.47131,2.7700,2.8600
13.01.2014 00:19:07.209,1.47333,1.47133,2.8800,1.4900
13.01.2014 00:19:08.561,1.47335,1.47135,2.5000,2.6700
13.01.2014 00:19:09.974,1.47337,1.47137,1.9700,2.6800
13.01.2014 00:19:11.476,1.47340,1.47140,1.7100,1.5900
13.01.2014 00:19:12.818,1.47341,1.47141,2.9700,1.1000
13.01.2014 00:19:14.278,1.47341,1.47141,2.6200,2.5200
13.01.2014 00:19:15.863,1.47342,1.47142,2.5400,1.6800
13.01.2014 00:19:17.084,1.47342,1.47142,2.3200,2.4300
13.01.2014 00:19:18.514,1.47341,1.47141,1.8000,2.1700
13.01.2014 00:19:19.943,1.47342,1.47142,1.2700,1.3600
13.01.2014 00:19:21.270,1.47339,1.47139,1.2800,2.0000
13.01.2014 00:19:22.754,1.47336,1.47136,1.8900,1.4700
13.01.2014 00:19:24.106,1.47339,1.47139,2.2100,1.9400
13.01.2014 00:19:25.372,1.47342,1.47142,2.4700,1.6500
13.01.2014 00:19:26.885,1.47341,1.47141,2.9900,1.6900
13.01.2014 00:19:28.302,1.47340,1.47140,2.2500,1.5200
13.01.2014 00:19:29.669,1.47341,1.47141,1.7300,2.9200
13.01.2014 00:19:30.780,1.47340,1.47140,1.7500,2.5900
13.01.2014 00:19:32.192,1.47339,1.47139,2.4600,1.2800
13.01.2014 00:19:33.586,1.47340,1.47140,1.1200,1.6900
13.01.2014 00:19:35.031,1.47340,1.47140,2.1100,2.1100
13.01.2014 00:19:36.291,1.47341,1.47141,2.8400,1.2800
13.01.2014 00:19:37.675,1.47343,1.47143,2.7200,2.1600
13.01.2014 00:19:39.093,1.47341,1.47141,1.8800,2.6000
13.01.2014 00:19:40.620,1.47340,1.47140,2.8100,1.6300
13.01.2014 00:19:41.855,1.47340,1.47140,2.4600,1.5200
13.01.2014 00:19:43.190,1.47340,1.47140,1.2200,2.0900
13.01.2014 00:19:44.587,1.47338,1.47138,1.7100,2.5400
13.01.2014 00:19:45.881,1.47338,1.47138,2.8500,2.0600
13.01.2014 00:19:47.314,1.47337,1.47137,1.7800,2.0500
13.01.2014 00:19:48.870,1.47337,1.47137,1.1500,2.7700
13.01.2014 00:19:50.144,1.47336,1.47136,2.6700,1.5100
13.01.2014 00:19:51.612,1.47336,1.47136,1.7300,2.6700
13.01.2014 00:19:53.053,1.47338,1.47138,2.0900,2.0100
13.01.2014 00:19:54.461,1.47340,1.47140,1.8300,2.3100
13.01.2014 00:19:55.836,1.47337,1.47137,1.8900,1.6900
13.01.2014 00:19:57.258,1.47336,1.47136,2.8500,1.2300
13.01.2014 00:19:58.462,1.47337,1.47137,2.3500,2.3200
13.01.2014 00:19:59.790,1.47340,1.47140,1.3100,1.5600
13.01.2014 00:20:01.030,1.47338,1.47138,2.8400,3.0000
13.01.2014 00:20:02.388,1.47337,1.47137,1.1600,2.5300
13.01.2014 00:20:03.888,1.47335,1.47135,1.6800,1.2500
13.01.2014 00:20:05.324,1.47337,1.47137,2.6900,1.8300
13.01.2014 00:20:06.574,1.47338,1.47138,1.0600,2.4500
13.01.2014 00:20:07.808,1.47339,1.47139,1.3100,1.2300
13.01.2014 00:20:09.243,1.47341,1.47141,1.0900,2.6900
13.01.2014 00:20:10.629,1.47342,1.47142,1.1800,1.2000
13.01.2014 00:20:12.022,1.47345,1.47145,1.5200,1.4700
13.01.2014 00:20:13.552,1.47345,1.47145,1.7100,1.8100
13.01.2014 00:20:15.050,1.47344,1.47144,1.8700,1.9400
13.01.2014 00:20:16.473,1.47348,1.47148,2.9500,2.1900
13.01.2014 00:20:17.849,1.47347,1.47147,2.6100,2.3300
13.01.2014 00:20:19.055,1.47346,1.47146,1.5600,2.9400
13.01.2014 00:20:20.512,1.47348,1.47148,2.4500,2.2400
13.01.2014 00:20:21.767,1.47348,1.47148,2.4500,2.0400
13.01.2014 00:20:23.072,1.47346,1.47146,1.0900,1.9100
13.01.2014 00:20:24.686,1.47348,1.47148,2.0000,1.6300
13.01.2014 00:20:26.103,1.47349,1.47149,1.0100,1.8300
13.01.2014 00:20:27.500,1.47348,1.47148,2.5000,1.8800
13.01.2014 00:20:28.857,1.47349,1.47149,2.4300,1.1900
13.01.2014 00:20:30.354,1.47350,1.47150,2.5500,1.9100
13.01.2014 00:20:31.665,1.47350,1.47150,1.4400,1.2500
13.01.2014 00:20:33.155,1.47349,1.47149,1.1200,1.7800
13.01.2014 00:20:34.248,1.47349,1.47149,2.1300,1.3400
13.01.2014 00:20:35.697,1.47347,1.47147,2.9100,1.4700
13.01.2014 00:20:36.958,1.47348,1.47148,1.0300,2.8200
13.01.2014 00:20:38.485,1.47346,1.47146,1.0400,1.0100
13.01.2014 00:20:39.747,1.47343,1.47143,2.0200,2.1800
13.01.2014 00:20:41.071,1.47345,1.47145,2.5300,2.2900
13.01.2014 00:20:42.388,1.47345,1.47145,2.0100,1.3300
13.01.2014 00:20:43.758,1.47347,1.47147,1.0000,2.3300
13.01.2014 00:20:45.272,1.47348,1.47148,2.4900,2.7100
13.01.2014 00:20:46.639,1.47348,1.47148,1.7700,1.5000
13.01.2014 00:20:48.056,1.47348,1.47148,1.6300,3.0000
13.01.2014 00:20:49.426,1.47347,1.47147,1.3600,2.3400
13.01.2014 00:20:50.899,1.47345,1.47145,2.4400,2.2300
13.01.2014 00:20:52.323,1.47344,1.47144,1.0000,2.0400
13.01.2014 00:20:53.781,1.47343,1.47143,1.5700,2.9700
13.01.2014 00:20:55.292,1.47344,1.47144,1.9600,2.6000
13.01.2014 00:20:56.539,1.47342,1.47142,2.0100,2.7000
13.01.2014 00:20:57.934,1.47346,1.47146,2.7900,1.2600
13.01.2014 00:20:59.176,1.47344,1.47144,2.5300,1.6100
13.01.2014 00:21:00.389,1.47341,1.47141,1.2100,1.9100
13.01.2014 00:21:01.769,1.47339,1.47139,2.7100,2.8000
13.01.2014 00:21:03.108,1.47338,1.47138,1.5800,2.3300
13.01.2014 00:21:04.479,1.47337,1.47137,2.8400,2.5000
13.01.2014 00:21:06.052,1.47337,1.47137,2.2800,2.9400
13.01.2014 00:21:07.522,1.47339,1.47139,1.2200,2.1500
13.01.2014 00:21:08.797,1.47339,1.47139,1.8200,2.4400
13.01.2014 00:21:10.288,1.47340,1.47140,2.5400,1.7900
13.01.2014 00:21:11.612,1.47340,1.47140,2.5900,2.0800
13.01.2014 00:21:12.916,1.47341,1.47141,2.5700,2.7500
13.01.2014 00:21:14.210,1.47339,1.47139,1.0900,2.2900
13.01.2014 00:21:15.759,1.47335,1.47135,2.3300,2.8500
13.01.2014 00:21:17.241,1.47334,1.47134,1.0100,2.4400
13.01.2014 00:21:18.552,1.47335,1.47135,2.3600,1.9800
13.01.2014 00:21:19.996,1.47331,1.47131,2.7900,1.9600
13.01.2014 00:21:21.345,1.47335,1.47135,2.1500,1.4600
13.01.2014 00:21:22.695,1.47333,1.47133,1.5900,1.6100
13.01.2014 00:21:24.007,1.47336,1.47136,1.0900,2.7400
13.01.2014 00:21:25.444,1.47337,1.47137,2.6400,1.8000
13.01.2014 00:21:26.810,1.47339,1.47139,1.3400,1.3100
13.01.2014 00:21:28.370,1.47340,1.47140,1.2400,2.0000
13.01.2014 00:21:29.720,1.47341,1.47141,1.0100,1.5300
13.01.2014 00:21:31.048,1.47341,1.47141,2.0400,1.3200
13.01.2014 00:21:32.269,1.47341,1.47141,2.1800,2.8400
13.01.2014 00:21:33.717,1.47341,1.47141,2.0400,1.8000
13.01.2014 00:21:35.286,1.47339,1.47139,2.8400,2.9300
13.01.2014 00:21:36.640,1.47337,1.47137,1.8000,1.7500
13.01.2014 00:21:38.140,1.47333,1.47133,2.0200,2.0700
13.01.2014 00:21:39.354,1.47333,1.47133,1.4600,2.4600
13.01.2014 00:21:40.805,1.47335,1.47135,1.7300,2.0400
13.01.2014 00:21:42.322,1.47337,1.47137,1.9400,2.8700
13.01.2014 00:21:43.617,1.47333,1.47133,1.4800,1.5400
13.01.2014 00:21:44.963,1.47334,1.47134,2.5300,1.1000
13.01.2014 00:21:46.348,1.47332,1.47132,1.9400,1.1000
13.01.2014 00:21:47.770,1.47333,1.47133,2.9300,2.9200
13.01.2014 00:21:48.992,1.47333,1.47133,2.7800,1.8600
13.01.2014 00:21:50.391,1.47334,1.47134,2.5700,1.4400
13.01.2014 00:21:51.766,1.47334,1.47134,2.2000,1.9500
13.01.2014 00:21:53.089,1.47334,1.47134,1.4900,2.6500
13.01.2014 00:21:54.531,1.47331,1.47131,2.1800,2.1300
13.01.2014 00:21:55.917,1.47332,1.47132,2.4500,1.7300
13.01.2014 00:21:57.297,1.47332,1.47132,1.9500,1.9200
13.01.2014 00:21:58.732,1.47330,1.47130,1.4300,1.8500
13.01.2014 00:21:59.981,1.47329,1.47129,2.0900,2.3100
13.01.2014 00:22:01.381,1.47328,1.47128,1.6400,2.4600
13.01.2014 00:22:02.633,1.47331,1.47131,1.7800,2.8500
13.01.2014 00:22:03.951,1.47330,1.47130,1.3700,1.7900
13.01.2014 00:22:05.313,1.47329,1.47129,2.0500,2.4800
13.01.2014 00:22:06.609,1.47330,1.47130,2.3700,1.7500
13.01.2014 00:22:07.790,1.47330,1.47130,2.9000,2.3500
13.01.2014 00:22:09.249,1.47330,1.47130,2.9500,1.8900
13.01.2014 00:22:10.591,1.47331,1.47131,2.8400,2.4000
13.01.2014 00:22:11.999,1.47328,1.47128,2.0600,1.2100
13.01.2014 00:22:13.473,1.47327,1.47127,2.7200,1.0400
13.01.2014 00:22:14.820,1.47327,1.47127,1.6000,1.4000
13.01.2014 00:22:16.303,1.47322,1.47122,2.5900,2.2200
13.01.2014 00:22:17.796,1.47321,1.47121,2.5800,2.9200
13.01.2014 00:22:19.395,1.47324,1.47124,1.3600,2.0400
13.01.2014 00:22:20.898,1.47322,1.47122,2.5700,2.8400
13.01.2014 00:22:22.270,1.47321,1.47121,1.6700,1.8500
13.01.2014 00:22:23.558,1.47322,1.47122,1.9100,1.4200
13.01.2014 00:22:24.903,1.47323,1.47123,2.8300,2.9400
13.01.2014 00:22:26.255,1.47326,1.47126,2.4300,1.0400
13.01.2014 00:22:27.825,1.47326,1.47126,1.3000,1.2800
13.01.2014 00:22:29.206,1.47327,1.47127,2.8400,2.6600
13.01.2014 00:22:30.697,1.47328,1.47128,1.1800,1.9400
13.01.2014 00:22:32.017,1.47327,1.47127,1.0300,2.5000
13.01.2014 00:22:33.422,1.47326,1.47126,2.4900,2.2500
13.01.2014 00:22:34.923,1.47326,1.47126,1.3400,1.4400
13.01.2014 00:22:36.326,1.47326,1.47126,1.1900,1.7600
13.01.2014 00:22:37.742,1.47327,1.47127,1.7400,1.4300
13.01.2014 00:22:39.148,1.47325,1.47125,2.3500,1.3100
13.01.2014 00:22:40.541,1.47327,1.47127,2.9300,2.3000
13.01.2014 00:22:42.000,1.47328,1.47128,1.0800,2.3300
13.01.2014 00:22:43.482,1.47328,1.47128,1.9100,1.5500
13.01.2014 00:22:44.828,1.47330,1.47130,2.7700,1.3700
13.01.2014 00:22:46.327,1.47331,1.47131,1.2600,1.5700
13.01.2014 00:22:47.633,1.47326,1.47126,1.8500,1.3300
13.01.2014 00:22:49.091,1.47326,1.47126,1.5800,2.5300
13.01.2014 00:22:50.548,1.47323,1.47123,2.5100,1.3100
13.01.2014 00:22:51.873,1.47321,1.47121,1.5500,2.2900
13.01.2014 00:22:53.155,1.47321,1.47121,1.5800,2.3500
13.01.2014 00:22:54.616,1.47323,1.47123,2.0600,2.5500
13.01.2014 00:22:56.058,1.47323,1.47123,2.0700,1.3400
13.01.2014 00:22:57.412,1.47323,1.47123,1.3100,1.1900
13.01.2014 00:22:58.817,1.47322,1.47122,1.8800,2.3800
13.01.2014 00:23:00.232,1.47323,1.47123,2.6200,1.2400
13.01.2014 00:23:01.726,1.47325,1.47125,2.1200,2.8400
13.01.2014 00:23:03.095,1.47328,1.47128,2.7500,2.0600
13.01.2014 00:23:04.543,1.47328,1.47128,1.6700,2.1900
13.01.2014 00:23:05.943,1.47329,1.47129,2.3700,1.0900
13.01.2014 00:23:07.221,1.47329,1.47129,1.9300,1.4200
13.01.2014 00:23:08.473,1.47329,1.47129,2.3500,1.0400
13.01.2014 00:23:09.891,1.47328,1.47128,2.9500,2.6400
13.01.2014 00:23:11.355,1.47326,1.47126,2.8100,1.8100
13.01.2014 00:23:12.900,1.47324,1.47124,1.5200,2.3800
13.01.2014 00:23:14.215,1.47321,1.47121,1.1700,1.6200
13.01.2014 00:23:15.454,1.47321,1.47121,2.3600,2.4300
13.01.2014 00:23:16.930,1.47321,1.47121,2.1000,1.6600
13.01.2014 00:23:18.373,1.47323,1.47123,2.9500,1.5000
13.01.2014 00:23:19.658,1.47321,1.47121,1.7300,2.1100
13.01.2014 00:23:21.129,1.47322,1.47122,1.9400,2.9000
13.01.2014 00:23:22.667,1.47323,1.47123,2.8900,1.6700
13.01.2014 00:23:23.996,1.47324,1.47124,2.6700,2.6200
13.01.2014 00:23:25.556,1.47327,1.47127,2.2500,1.9700
13.01.2014 00:23:26.928,1.47325,1.47125,1.1600,1.6400
13.01.2014 00:23:28.488,1.47324,1.47124,1.3500,1.0400
13.01.2014 00:23:29.797,1.47322,1.47122,2.3300,2.7000
13.01.2014 00:23:31.121,1.47322,1.47122,2.3800,1.0300
13.01.2014 00:23:32.548,1.47321,1.47121,1.0500,2.1000
13.01.2014 00:23:34.000,1.47319,1.47119,1.2900,1.5900
13.01.2014 00:23:35.379,1.47318,1.47118,1.1800,2.3100
13.01.2014 00:23:36.759,1.47318,1.47118,1.9600,1.6000
13.01.2014 00:23:38.275,1.47318,1.47118,1.3600,1.6400
13.01.2014 00:23:39.639,1.47317,1.47117,2.1800,2.0600
13.01.2014 00:23:41.069,1.47316,1.47116,1.8500,1.3800
13.01.2014 00:23:42.502,1.47316,1.47116,2.8100,2.8200
13.01.2014 00:23:43.896,1.47315,1.47115,2.9100,2.4300
13.01.2014 00:23:45.237,1.47314,1.47114,1.4400,1.6500
13.01.2014 00:23:46.546,1.47316,1.47116,1.7400,2.9000
13.01.2014 00:23:47.906,1.47316,1.47116,2.8900,1.9700
13.01.2014 00:23:49.012,1.47314,1.47114,1.0500,1.9800
13.01.2014 00:23:50.422,1.47314,1.47114,2.9000,2.2100
13.01.2014 00:23:51.849,1.47315,1.47115,1.9500,1.2700
13.01.2014 00:23:53.137,1.47314,1.47114,1.6200,1.6700
13.01.2014 00:23:54.532,1.47314,1.47114,2.3000,1.7700
13.01.2014 00:23:55.856,1.47314,1.47114,1.1500,2.3000
13.01.2014 00:23:57.195,1.47314,1.47114,1.5400,1.4300
13.01.2014 00:23:58.500,1.47315,1.47115,2.8900,1.1900
13.01.2014 00:23:59.819,1.47314,1.47114,2.5800,1.2900
13.01.2014 00:24:01.300,1.47318,1.47118,2.5400,1.1600
13.01.2014 00:24:02.697,1.47319,1.47119,1.2700,2.5000
13.01.2014 00:24:04.202,1.47317,1.47117,2.1700,1.8100
13.01.2014 00:24:05.607,1.47320,1.47120,2.1300,2.2100
13.01.2014 00:24:07.062,1.47324,1.47124,2.1400,1.7900
13.01.2014 00:24:08.494,1.47323,1.47123,1.8100,2.0000
13.01.2014 00:24:09.923,1.47324,1.47124,1.0200,2.8600
13.01.2014 00:24:11.239,1.47322,1.47122,2.1700,1.5100
13.01.2014 00:24:12.535,1.47321,1.47121,2.6500,1.7700
13.01.2014 00:24:13.892,1.47323,1.47123,2.7400,2.0700
13.01.2014 00:24:15.335,1.47325,1.47125,1.7300,1.8100
13.01.2014 00:24:16.798,1.47325,1.47125,2.3000,1.5900
13.01.2014 00:24:18.315,1.47327,1.47127,2.4900,1.4000
13.01.2014 00:24:19.715,1.47326,1.47126,1.1200,2.7000
13.01.2014 00:24:20.937,1.47325,1.47125,1.1100,2.9400
13.01.2014 00:24:22.459,1.47327,1.47127,1.3700,1.4700
13.01.2014 00:24:23.793,1.47327,1.47127,2.9300,1.7100
13.01.2014 00:24:25.221,1.47331,1.47131,2.3700,2.2600
13.01.2014 00:24:26.571,1.47332,1.47132,2.1600,2.1800
13.01.2014 00:24:27.913,1.47334,1.47134,1.7200,1.2400
13.01.2014 00:24:29.255,1.47330,1.47130,1.8700,2.6100
13.01.2014 00:24:30.589,1.47329,1.47129,2.4500,2.2900
13.01.2014 00:24:31.966,1.47329,1.47129,1.5700,2.0800
13.01.2014 00:24:33.410,1.47328,1.47128,2.9100,1.3500
13.01.2014 00:24:34.732,1.47329,1.47129,1.5200,2.7200
13.01.2014 00:24:36.261,1.47326,1.47126,2.8900,2.1100
13.01.2014 00:24:37.671,1.47326,1.47126,1.9100,1.1500
13.01.2014 00:24:38.992,1.47325,1.47125,1.1300,1.2000
13.01.2014 00:24:40.294,1.47325,1.47125,1.0100,2.7800
13.01.2014 00:24:41.459,1.47326,1.47126,1.6000,2.4800
13.01.2014 00:24:42.868,1.47327,1.47127,1.8300,2.8400
13.01.2014 00:24:44.126,1.47326,1.47126,2.8500,1.3800
13.01.2014 00:24:45.471,1.47324,1.47124,2.0900,2.7200
13.01.2014 00:24:46.887,1.47322,1.47122,2.4300,1.9000
13.01.2014 00:24:48.329,1.47321,1.47121,2.5600,1.1700
13.01.2014 00:24:49.674,1.47324,1.47124,2.2200,1.8800
13.01.2014 00:24:50.987,1.47324,1.47124,2.8100,2.1800
13.01.2014 00:24:52.405,1.47324,1.47124,2.7800,1.9800
13.01.2014 00:24:53.688,1.47324,1.47124,2.8400,1.9200
13.01.2014 00:24:55.121,1.47324,1.47124,2.3800,2.0500
13.01.2014 00:24:56.493,1.47323,1.47123,1.4800,2.3400
13.01.2014 00:24:58.014,1.47325,1.47125,2.5300,2.3500
13.01.2014 00:24:59.426,1.47326,1.47126,1.5200,2.5600
13.01.2014 00:25:00.814,1.47325,1.47125,1.0700,2.0600
13.01.2014 00:25:02.097,1.47324,1.47124,2.5700,2.9400
13.01.2014 00:25:03.526,1.47322,1.47122,1.0600,1.2000
13.01.2014 00:25:04.859,1.47322,1.47122,1.3600,2.5200
13.01.2014 00:25:06.092,1.47321,1.47121,2.6500,1.2600
13.01.2014 00:25:07.462,1.47318,1.47118,2.3800,1.3900
13.01.2014 00:25:08.764,1.47317,1.47117,1.5500,2.7600
13.01.2014 00:25:10.123,1.47317,1.47117,2.4200,1.7400
13.01.2014 00:25:11.544,1.47316,1.47116,1.2800,1.6800
13.01.2014 00:25:13.065,1.47315,1.47115,1.2100,1.1600
13.01.2014 00:25:14.492,1.47314,1.47114,2.5900,1.8700
13.01.2014 00:25:15.987,1.47318,1.47118,2.5300,2.6200
13.01.2014 00:25:17.505,1.47318,1.47118,1.3000,1.3900
13.01.2014 00:25:18.910,1.47317,1.47117,1.2700,1.6300
13.01.2014 00:25:20.319,1.47320,1.47120,2.5100,1.5900
13.01.2014 00:25:21.852,1.47319,1.47119,2.8600,2.8700
13.01.2014 00:25:23.198,1.47318,1.47118,2.4500,2.3300
13.01.2014 00:25:24.597,1.47319,1.47119,2.4400,1.0200
13.01.2014 00:25:26.056,1.47319,1.47119,1.5800,1.5900
13.01.2014 00:25:27.455,1.47317,1.47117,1.6700,1.8200
13.01.2014 00:25:28.772,1.47315,1.47115,1.2300,1.0300
13.01.2014 00:25:30.146,1.47314,1.47114,2.3800,2.0900
13.01.2014 00:25:31.424,1.47313,1.47113,1.3200,2.6600
13.01.2014 00:25:32.976,1.47311,1.47111,1.6500,1.5300
13.01.2014 00:25:34.272,1.47311,1.47111,1.4200,1.4300
13.01.2014 00:25:35.782,1.47311,1.47111,2.2100,2.5700
13.01.2014 00:25:37.203,1.47310,1.47110,1.4000,1.1200
13.01.2014 00:25:38.626,1.47311,1.47111,1.9500,1.6400
13.01.2014 00:25:40.325,1.47310,1.47110,1.0000,1.4000
13.01.2014 00:25:41.744,1.47311,1.47111,1.9500,1.0600
13.01.2014 00:25:43.188,1.47311,1.47111,2.8400,1.0700
13.01.2014 00:25:44.716,1.47312,1.47112,2.6900,2.9600
13.01.2014 00:25:46.065,1.47311,1.47111,1.1100,1.1200
13.01.2014 00:25:47.391,1.47312,1.47112,1.8600,1.3200
13.01.2014 00:25:48.990,1.47315,1.47115,2.2600,2.3400
13.01.2014 00:25:50.290,1.47315,1.47115,1.7000,2.0500
13.01.2014 00:25:51.770,1.47314,1.47114,1.2900,2.2000
13.01.2014 00:25:53.209,1.47313,1.47113,1.8200,2.3700
13.01.2014 00:25:54.598,1.47316,1.47116,1.2900,2.9500
13.01.2014 00:25:56.050,1.47320,1.47120,1.7000,2.1600
13.01.2014 00:25:57.381,1.47320,1.47120,1.0700,1.5100
13.01.2014 00:25:58.777,1.47318,1.47118,2.2200,1.0400
13.01.2014 00:26:00.122,1.47318,1.47118,2.5100,2.2900
13.01.2014 00:26:01.453,1.47317,1.47117,2.6500,1.3200
13.01.2014 00:26:02.849,1.47318,1.47118,2.6700,2.8200
13.01.2014 00:26:04.368,1.47316,1.47116,1.5600,2.4700
13.01.2014 00:26:05.709,1.47316,1.47116,2.3900,2.2900
13.01.2014 00:26:07.324,1.47316,1.47116,1.6600,2.6100
13.01.2014 00:26:08.856,1.47317,1.47117,1.4100,2.5200
13.01.2014 00:26:10.232,1.47318,1.47118,1.5300,2.6900
13.01.2014 00:26:11.483,1.47318,1.47118,1.7900,1.4400
13.01.2014 00:26:13.011,1.47318,1.47118,2.6100,2.9800
13.01.2014 00:26:14.292,1.47317,1.47117,1.7300,2.7300
13.01.2014 00:26:15.658,1.47316,1.47116,2.2100,1.8600
13.01.2014 00:26:17.040,1.47314,1.47114,1.4800,2.1900
13.01.2014 00:26:18.446,1.47312,1.47112,2.8200,2.7500
13.01.2014 00:26:19.914,1.47310,1.47110,1.7100,1.4800
13.01.2014 00:26:21.299,1.47308,1.47108,2.3700,1.2200
13.01.2014 00:26:22.677,1.47307,1.47107,1.0700,2.8100
13.01.2014 00:26:24.069,1.47306,1.47106,2.9400,2.3700
13.01.2014 00:26:25.443,1.47306,1.47106,2.2800,2.0600
13.01.2014 00:26:26.780,1.47306,1.47106,1.2400,1.9800
13.01.2014 00:26:28.177,1.47305,1.47105,1.1900,2.6000
13.01.2014 00:26:29.585,1.47304,1.47104,1.2400,1.2200
13.01.2014 00:26:31.048,1.47306,1.47106,2.1500,1.2500
13.01.2014 00:26:32.437,1.47306,1.47106,1.7100,2.0500
13.01.2014 00:26:33.911,1.47304,1.47104,1.2800,2.9700
13.01.2014 00:26:35.274,1.47305,1.47105,1.3600,2.0400
13.01.2014 00:26:36.887,1.47305,1.47105,1.1300,2.6600
13.01.2014 00:26:38.233,1.47306,1.47106,2.2800,2.4000
13.01.2014 00:26:39.703,1.47306,1.47106,2.8900,2.8700
13.01.2014 00:26:41.176,1.47307,1.47107,1.6200,2.2600
13.01.2014 00:26:42.560,1.47307,1.47107,2.7500,2.6600
13.01.2014 00:26:44.029,1.47310,1.47110,1.1900,2.5200
13.01.2014 00:26:45.381,1.47310,1.47110,2.0600,1.5900
13.01.2014 00:26:46.666,1.47309,1.47109,2.4900,1.7300
13.01.2014 00:26:48.142,1.47310,1.47110,2.5000,2.3300
13.01.2014 00:26:49.653,1.47311,1.47111,1.4000,2.1400
13.01.2014 00:26:51.006,1.47310,1.47110,2.5000,2.3400
13.01.2014 00:26:52.416,1.47308,1.47108,2.0200,2.0600
13.01.2014 00:26:53.790,1.47306,1.47106,1.9400,1.2600
13.01.2014 00:26:55.203,1.47307,1.47107,2.7200,2.0600
13.01.2014 00:26:56.698,1.47308,1.47108,2.3500,1.1000
13.01.2014 00:26:58.019,1.47306,1.47106,1.1300,2.2300
13.01.2014 00:26:59.383,1.47308,1.47108,1.4000,2.2100
13.01.2014 00:27:00.740,1.47310,1.47110,2.1400,1.9300
13.01.2014 00:27:02.240,1.47313,1.47113,2.6600,2.7900
13.01.2014 00:27:03.716,1.47313,1.47113,1.6900,2.1400
13.01.2014 00:27:05.309,1.47313,1.47113,2.2000,2.1200
13.01.2014 00:27:06.802,1.47313,1.47113,2.5300,1.2400
13.01.2014 00:27:08.167,1.47312,1.47112,1.5100,2.3700
13.01.2014 00:27:09.753,1.47312,1.47112,2.7900,1.6100
13.01.2014 00:27:11.069,1.47311,1.47111,1.1900,1.2100
13.01.2014 00:27:12.512,1.47312,1.47112,2.5300,2.8800
13.01.2014 00:27:13.974,1.47309,1.47109,1.8300,1.2200
13.01.2014 00:27:15.283,1.47308,1.47108,1.0500,1.6400
13.01.2014 00:27:16.621,1.47306,1.47106,2.5900,1.8700
13.01.2014 00:27:18.176,1.47306,1.47106,1.6500,1.5900
13.01.2014 00:27:19.640,1.47307,1.47107,1.9900,1.5100
13.01.2014 00:27:20.825,1.47309,1.47109,2.9200,1.3700
13.01.2014 00:27:22.222,1.47308,1.47108,2.8500,2.3300
13.01.2014 00:27:23.686,1.47309,1.47109,1.7000,2.4200
13.01.2014 00:27:25.069,1.47308,1.47108,1.5900,2.6800
13.01.2014 00:27:26.403,1.47307,1.47107,1.4100,1.8300
13.01.2014 00:27:27.677,1.47310,1.47110,1.3000,2.8000
13.01.2014 00:27:29.128,1.47310,1.47110,2.5400,1.1100
13.01.2014 00:27:30.543,1.47311,1.47111,1.4100,2.9200
13.01.2014 00:27:31.873,1.47310,1.47110,1.5200,1.0800
13.01.2014 00:27:33.167,1.47310,1.47110,1.4300,2.4200
13.01.2014 00:27:34.411,1.47308,1.47108,1.3500,2.5000
13.01.2014 00:27:35.785,1.47310,1.47110,1.6300,1.0800
13.01.2014 00:27:37.376,1.47306,1.47106,1.7900,2.7500
13.01.2014 00:27:38.795,1.47305,1.47105,2.1900,1.0900
13.01.2014 00:27:39.906,1.47305,1.47105,1.1400,2.8400
13.01.2014 00:27:41.322,1.47303,1.47103,2.6800,2.5600
13.01.2014 00:27:42.713,1.47301,1.47101,1.6100,1.5300
13.01.2014 00:27:44.361,1.47301,1.47101,2.4300,2.4300
13.01.2014 00:27:45.662,1.47299,1.47099,1.7400,2.9800
13.01.2014 00:27:47.029,1.47299,1.47099,2.9100,2.9300
13.01.2014 00:27:48.451,1.47297,1.47097,1.6100,2.4800
13.01.2014 00:27:49.748,1.47295,1.47095,2.0800,1.7200
13.01.2014 00:27:51.000,1.47296,1.47096,2.0600,2.8500
13.01.2014 00:27:52.302,1.47293,1.47093,2.6700,1.7300
13.01.2014 00:27:53.640,1.47292,1.47092,2.4100,2.8500
13.01.2014 00:27:54.910,1.47292,1.47092,2.1000,1.5600
13.01.2014 00:27:56.392,1.47290,1.47090,1.1300,2.5600
13.01.2014 00:27:57.813,1.47293,1.47093,1.0500,2.6600
13.01.2014 00:27:59.121,1.47293,1.47093,2.6400,1.7300
13.01.2014 00:28:00.351,1.47293,1.47093,1.8700,2.1600
13.01.2014 00:28:01.688,1.47298,1.47098,1.1100,2.4100
13.01.2014 00:28:03.158,1.47297,1.47097,2.4500,2.7500
13.01.2014 00:28:04.459,1.47297,1.47097,2.1400,2.4200
13.01.2014 00:28:05.827,1.47298,1.47098,1.2300,1.9900
13.01.2014 00:28:07.237,1.47298,1.47098,2.7800,1.2000
13.01.2014 00:28:08.633,1.47298,1.47098,2.0600,1.7300
13.01.2014 00:28:10.004,1.47298,1.47098,1.7700,1.2400
13.01.2014 00:28:11.555,1.47301,1.47101,2.9200,2.0700
13.01.2014 00:28:13.017,1.47302,1.47102,2.9200,2.1400
13.01.2014 00:28:14.487,1.47305,1.47105,2.6200,2.2500
13.01.2014 00:28:16.136,1.47304,1.47104,2.3700,1.0900
13.01.2014 00:28:17.490,1.47302,1.47102,1.4500,1.4300
13.01.2014 00:28:19.028,1.47302,1.47102,2.7700,2.8000
13.01.2014 00:28:20.359,1.47299,1.47099,2.2500,1.8600
13.01.2014 00:28:21.620,1.47299,1.47099,1.6400,2.4400
13.01.2014 00:28:23.040,1.47300,1.47100,2.3800,2.8400
13.01.2014 00:28:24.349,1.47300,1.47100,1.7400,1.5600
13.01.2014 00:28:25.683,1.47299,1.47099,1.4000,1.4000
13.01.2014 00:28:26.867,1.47298,1.47098,1.7000,1.2000
13.01.2014 00:28:28.305,1.47298,1.47098,2.6500,2.7300
13.01.2014 00:28:29.786,1.47301,1.47101,1.9500,2.3700
13.01.2014 00:28:31.191,1.47298,1.47098,1.0300,1.3500
13.01.2014 00:28:32.516,1.47297,1.47097,2.9200,2.2900
13.01.2014 00:28:33.949,1.47299,1.47099,2.4900,1.8000
13.01.2014 00:28:35.286,1.47299,1.47099,1.8100,1.9900
13.01.2014 00:28:36.788,1.47301,1.47101,2.3700,1.8200
13.01.2014 00:28:38.236,1.47301,1.47101,1.9100,2.8000
13.01.2014 00:28:39.611,1.47300,1.47100,2.5800,2.9900
13.01.2014 00:28:40.915,1.47299,1.47099,2.5700,1.5000
13.01.2014 00:28:42.328,1.47300,1.47100,2.9700,2.7900
13.01.2014 00:28:43.768,1.47301,1.47101,1.8000,2.8600
13.01.2014 00:28:44.920,1.47302,1.47102,1.8700,2.8300
13.01.2014 00:28:46.421,1.47302,1.47102,2.2700,2.3400
13.01.2014 00:28:47.781,1.47302,1.47102,2.6000,2.4300
13.01.2014 00:28:49.231,1.47303,1.47103,1.7600,1.3000
13.01.2014 00:28:50.610,1.47302,1.47102,2.4500,1.6500
13.01.2014 00:28:52.060,1.47304,1.47104,2.9000,1.2000
13.01.2014 00:28:53.274,1.47306,1.47106,1.1400,1.3500
13.01.2014 00:28:54.738,1.47308,1.47108,2.9200,2.3400
13.01.2014 00:28:56.031,1.47308,1.47108,1.8400,2.4000
13.01.2014 00:28:57.367,1.47308,1.47108,1.3500,2.8000
13.01.2014 00:28:58.854,1.47307,1.47107,2.0000,2.1600
13.01.2014 00:29:00.109,1.47309,1.47109,1.0200,1.9300
13.01.2014 00:29:01.553,1.47309,1.47109,2.2000,1.7600
13.01.2014 00:29:03.124,1.47307,1.47107,2.9900,2.2100
13.01.2014 00:29:04.586,1.47306,1.47106,1.8400,1.3700
13.01.2014 00:29:06.154,1.47308,1.47108,2.5500,1.8200
13.01.2014 00:29:07.523,1.47308,1.47108,2.4300,1.9500
13.01.2014 00:29:08.925,1.47306,1.47106,1.6000,2.8800
13.01.2014 00:29:10.309,1.47307,1.47107,2.5900,2.0200
13.01.2014 00:29:11.761,1.47305,1.47105,1.3200,1.6600
13.01.2014 00:29:13.209,1.47305,1.47105,2.7800,2.2200
13.01.2014 00:29:14.617,1.47303,1.47103,1.4300,2.3100
13.01.2014 00:29:16.110,1.47304,1.47104,1.8400,1.5700
13.01.2014 00:29:17.408,1.47305,1.47105,1.6200,1.9800
13.01.2014 00:29:18.856,1.47305,1.47105,1.9300,2.3300
13.01.2014 00:29:20.255,1.47303,1.47103,1.4900,1.7500
13.01.2014 00:29:21.632,1.47304,1.47104,1.6200,1.3800
13.01.2014 00:29:22.904,1.47305,1.47105,2.6400,1.8600
13.01.2014 00:29:24.298,1.47305,1.47105,1.5800,2.3900
13.01.2014 00:29:25.482,1.47305,1.47105,1.4500,1.1800
13.01.2014 00:29:26.664,1.47305,1.47105,2.5600,1.1700
13.01.2014 00:29:27.978,1.47307,1.47107,2.1000,2.0200
13.01.2014 00:29:29.550,1.47307,1.47107,1.3300,2.7000
13.01.2014 00:29:31.151,1.47307,1.47107,2.7000,1.3100
13.01.2014 00:29:32.389,1.47308,1.47108,2.9400,1.7700
13.01.2014 00:29:33.815,1.47307,1.47107,2.4400,2.7900
13.01.2014 00:29:35.122,1.47307,1.47107,1.1200,2.5700
13.01.2014 00:29:36.584,1.47306,1.47106,2.6700,1.2900
13.01.2014 00:29:38.016,1.47306,1.47106,1.2100,1.2400
13.01.2014 00:29:39.309,1.47305,1.47105,2.8200,2.5600
13.01.2014 00:29:41.040,1.47305,1.47105,1.9800,2.6900
13.01.2014 00:29:42.557,1.47304,1.47104,1.4600,2.8000
13.01.2014 00:29:44.154,1.47303,1.47103,1.0900,1.5500
13.01.2014 00:29:45.432,1.47303,1.47103,1.1800,1.6500
13.01.2014 00:29:46.807,1.47304,1.47104,2.8700,1.4000
13.01.2014 00:29:48.096,1.47301,1.47101,1.5600,2.0800
13.01.2014 00:29:49.639,1.47298,1.47098,1.4800,1.9800
13.01.2014 00:29:51.023,1.47299,1.47099,2.6400,1.4700
13.01.2014 00:29:52.264,1.47298,1.47098,2.8600,1.6800
13.01.2014 00:29:53.668,1.47299,1.47099,2.4300,2.8500
13.01.2014 00:29:55.049,1.47301,1.47101,2.5200,1.8200
13.01.2014 00:29:56.512,1.47298,1.47098,1.5200,2.0900
13.01.2014 00:29:57.936,1.47297,1.47097,1.2000,2.3400
13.01.2014 00:29:59.305,1.47297,1.47097,1.6900,1.7100
13.01.2014 00:30:00.609,1.47295,1.47095,1.1800,2.0300
13.01.2014 00:30:01.899,1.47298,1.47098,2.9400,2.5800
13.01.2014 00:30:03.342,1.47299,1.47099,1.0600,1.9500
13.01.2014 00:30:04.741,1.47301,1.47101,2.5300,1.8700
13.01.2014 00:30:06.112,1.47301,1.47101,2.5600,2.5200
13.01.2014 00:30:07.504,1.47298,1.47098,1.9000,1.8900
13.01.2014 00:30:08.987,1.47299,1.47099,1.9000,2.1200
13.01.2014 00:30:10.593,1.47300,1.47100,1.4500,2.1400
13.01.2014 00:30:11.990,1.47302,1.47102,1.4200,1.0500
13.01.2014 00:30:13.287,1.47302,1.47102,2.9600,3.0000
13.01.2014 00:30:14.569,1.47304,1.47104,2.9000,1.8900
13.01.2014 00:30:15.848,1.47306,1.47106,1.1800,1.6500
13.01.2014 00:30:17.312,1.47306,1.47106,2.3100,2.1400
13.01.2014 00:30:18.884,1.47306,1.47106,1.4200,2.9200
13.01.2014 00:30:20.345,1.47305,1.47105,1.1100,1.6200
13.01.2014 00:30:21.724,1.47306,1.47106,2.3700,1.3600
13.01.2014 00:30:23.174,1.47308,1.47108,1.4300,1.9500
13.01.2014 00:30:24.552,1.47307,1.47107,1.7400,1.5000
13.01.2014 00:30:25.975,1.47308,1.47108,2.3600,2.7700
13.01.2014 00:30:27.286,1.47309,1.47109,2.7200,1.5100
13.01.2014 00:30:28.671,1.47310,1.47110,1.6600,2.0000
13.01.2014 00:30:30.112,1.47310,1.47110,1.1000,1.9100
13.01.2014 00:30:31.355,1.47309,1.47109,2.8900,2.7300
13.01.2014 00:30:32.727,1.47306,1.47106,1.9400,1.3400
13.01.2014 00:30:34.236,1.47304,1.47104,1.4000,2.6400
13.01.2014 00:30:35.727,1.47305,1.47105,2.7600,2.0900
13.01.2014 00:30:37.058,1.47306,1.47106,1.2400,2.2500
13.01.2014 00:30:38.253,1.47306,1.47106,1.2100,1.0400
13.01.2014 00:30:39.718,1.47306,1.47106,2.8100,1.3900
13.01.2014 00:30:41.182,1.47305,1.47105,1.4400,1.0300
13.01.2014 00:30:42.642,1.47302,1.47102,1.6600,1.9100
13.01.2014 00:30:44.074,1.47301,1.47101,2.9600,1.9000
13.01.2014 00:30:45.438,1.47300,1.47100,2.1200,2.1000
13.01.2014 00:30:46.610,1.47300,1.47100,1.4500,1.5700
13.01.2014 00:30:48.051,1.47301,1.47101,1.8800,2.0300
13.01.2014 00:30:49.435,1.47300,1.47100,2.4800,2.0600
13.01.2014 00:30:50.992,1.47298,1.47098,2.6800,2.5500
13.01.2014 00:30:52.534,1.47300,1.47100,2.6000,2.9600
13.01.2014 00:30:53.900,1.47300,1.47100,1.7600,2.9600
13.01.2014 00:30:55.436,1.47302,1.47102,2.8900,2.4400
13.01.2014 00:30:56.638,1.47301,1.47101,1.7700,1.3500
13.01.2014 00:30:58.055,1.47302,1.47102,2.0400,1.7000
13.01.2014 00:30:59.440,1.47304,1.47104,2.4100,1.4800
13.01.2014 00:31:00.612,1.47305,1.47105,1.4000,1.9600
13.01.2014 00:31:02.004,1.47307,1.47107,1.6700,1.5500
13.01.2014 00:31:03.498,1.47308,1.47108,1.9300,2.8700
13.01.2014 00:31:04.931,1.47308,1.47108,1.0900,2.9600
13.01.2014 00:31:06.386,1.47307,1.47107,1.5200,1.9400
13.01.2014 00:31:07.966,1.47307,1.47107,2.0200,2.0000
13.01.2014 00:31:09.344,1.47306,1.47106,1.7100,2.6400
13.01.2014 00:31:10.737,1.47307,1.47107,2.0500,1.1600
13.01.2014 00:31:11.962,1.47308,1.47108,2.3400,1.7300
13.01.2014 00:31:13.225,1.47307,1.47107,2.0100,1.4400
13.01.2014 00:31:14.525,1.47306,1.47106,2.8900,2.6900
13.01.2014 00:31:15.985,1.47306,1.47106,1.1200,2.2300
13.01.2014 00:31:17.415,1.47308,1.47108,2.2200,2.5000
13.01.2014 00:31:18.708,1.47307,1.47107,2.1400,2.6600
13.01.2014 00:31:20.194,1.47309,1.47109,2.5200,1.5100
13.01.2014 00:31:21.521,1.47310,1.47110,2.0800,2.7800
13.01.2014 00:31:22.934,1.47307,1.47107,1.2300,2.4500
13.01.2014 00:31:24.433,1.47305,1.47105,1.6900,2.3100
13.01.2014 00:31:25.842,1.47305,1.47105,2.5100,1.5000
13.01.2014 00:31:27.358,1.47306,1.47106,1.4500,1.1800
13.01.2014 00:31:28.942,1.47311,1.47111,1.1400,1.0400
13.01.2014 00:31:30.309,1.47310,1.47110,2.8800,2.4000
13.01.2014 00:31:31.754,1.47309,1.47109,2.7800,2.1100
13.01.2014 00:31:33.243,1.47306,1.47106,2.6600,1.8300
13.01.2014 00:31:34.568,1.47305,1.47105,2.7500,1.8500
13.01.2014 00:31:35.964,1.47303,1.47103,2.3200,1.9500
13.01.2014 00:31:37.429,1.47302,1.47102,1.7500,2.4800
13.01.2014 00:31:39.029,1.47302,1.47102,2.5300,2.4800
13.01.2014 00:31:40.408,1.47303,1.47103,1.4600,2.9000
13.01.2014 00:31:41.755,1.47302,1.47102,2.1500,1.2900
13.01.2014 00:31:43.164,1.47301,1.47101,2.8200,2.2200
13.01.2014 00:31:44.468,1.47303,1.47103,2.0800,1.3100
13.01.2014 00:31:45.952,1.47303,1.47103,2.3300,2.8900
13.01.2014 00:31:47.369,1.47304,1.47104,2.3100,1.1400
13.01.2014 00:31:48.671,1.47305,1.47105,1.8300,2.9400
13.01.2014 00:31:50.017,1.47307,1.47107,1.1500,1.6400
13.01.2014 00:31:51.258,1.47311,1.47111,2.4800,2.2000
13.01.2014 00:31:52.713,1.47311,1.47111,1.6900,2.7100
13.01.2014 00:31:54.011,1.47315,1.47115,1.8300,1.8100
13.01.2014 00:31:55.362,1.47316,1.47116,1.7100,2.7800
13.01.2014 00:31:56.745,1.47318,1.47118,1.4700,2.0000
13.01.2014 00:31:58.343,1.47314,1.47114,1.1700,1.4500
13.01.2014 00:31:59.816,1.47315,1.47115,2.0300,2.2500
13.01.2014 00:32:01.190,1.47315,1.47115,1.2200,1.7700
13.01.2014 00:32:02.649,1.47316,1.47116,2.8600,1.8000
13.01.2014 00:32:04.153,1.47317,1.47117,2.4100,1.1400
13.01.2014 00:32:05.455,1.47316,1.47116,2.8700,1.5700
13.01.2014 00:32:06.908,1.47315,1.47115,1.8200,1.8500
13.01.2014 00:32:08.317,1.47316,1.47116,1.4400,1.9400
13.01.2014 00:32:09.686,1.47320,1.47120,2.4200,2.6700
13.01.2014 00:32:11.057,1.47318,1.47118,2.4300,2.5400
13.01.2014 00:32:12.501,1.47319,1.47119,2.4100,2.5000
13.01.2014 00:32:13.853,1.47320,1.47120,2.6600,2.9500
13.01.2014 00:32:15.325,1.47321,1.47121,1.0900,1.4500
13.01.2014 00:32:16.770,1.47322,1.47122,2.4300,1.4100
13.01.2014 00:32:18.129,1.47320,1.47120,2.4500,2.3100
13.01.2014 00:32:19.314,1.47322,1.47122,2.1700,1.5100
13.01.2014 00:32:20.635,1.47323,1.47123,2.8000,1.2400
13.01.2014 00:32:22.177,1.47325,1.47125,1.1100,1.8500
13.01.2014 00:32:23.635,1.47326,1.47126,2.5000,2.9500
13.01.2014 00:32:25.069,1.47324,1.47124,1.9100,2.6400
13.01.2014 00:32:26.740,1.47327,1.47127,2.5100,2.7600
13.01.2014 00:32:28.142,1.47329,1.47129,1.9900,2.7900
13.01.2014 00:32:29.708,1.47330,1.47130,2.8200,1.6800
13.01.2014 00:32:31.058,1.47327,1.47127,2.9000,2.7700
13.01.2014 00:32:32.506,1.47327,1.47127,2.7100,2.5700
13.01.2014 00:32:33.927,1.47325,1.47125,1.2200,2.3300
13.01.2014 00:32:35.328,1.47325,1.47125,1.4900,1.9700
13.01.2014 00:32:36.809,1.47326,1.47126,1.5300,1.4200
13.01.2014 00:32:38.264,1.47326,1.47126,1.9800,1.6500
13.01.2014 00:32:39.800,1.47327,1.47127,1.9400,2.8900
13.01.2014 00:32:41.126,1.47327,1.47127,2.9800,1.2900
13.01.2014 00:32:42.334,1.47324,1.47124,2.5100,2.0600
13.01.2014 00:32:43.666,1.47325,1.47125,2.0800,2.9900
13.01.2014 00:32:45.035,1.47323,1.47123,1.6600,1.1100
13.01.2014 00:32:46.385,1.47325,1.47125,2.6100,2.9200
13.01.2014 00:32:47.824,1.47324,1.47124,2.1300,1.9100
13.01.2014 00:32:49.187,1.47323,1.47123,1.5900,2.1400
13.01.2014 00:32:50.584,1.47324,1.47124,2.9600,1.4400
13.01.2014 00:32:51.958,1.47322,1.47122,2.2900,1.3300
13.01.2014 00:32:53.270,1.47322,1.47122,2.7500,1.0100
13.01.2014 00:32:54.766,1.47323,1.47123,1.0900,2.6100
13.01.2014 00:32:56.307,1.47322,1.47122,1.5300,1.9200
13.01.2014 00:32:57.659,1.47321,1.47121,1.4000,1.0500
13.01.2014 00:32:59.124,1.47320,1.47120,2.5700,1.0200
13.01.2014 00:33:00.553,1.47318,1.47118,2.2400,2.9400
13.01.2014 00:33:01.851,1.47318,1.47118,2.7400,1.0500
13.01.2014 00:33:03.185,1.47316,1.47116,1.8400,2.7200
13.01.2014 00:33:04.704,1.47317,1.47117,1.5000,2.3600
13.01.2014 00:33:06.069,1.47320,1.47120,2.7500,2.0400
13.01.2014 00:33:07.468,1.47319,1.47119,1.7500,2.5400
13.01.2014 00:33:09.016,1.47319,1.47119,1.9500,1.4300
13.01.2014 00:33:10.475,1.47322,1.47122,2.5500,2.3200
13.01.2014 00:33:11.830,1.47322,1.47122,1.1700,2.2400
13.01.2014 00:33:13.244,1.47320,1.47120,1.4300,1.0300
13.01.2014 00:33:14.690,1.47320,1.47120,1.0100,2.0500
13.01.2014 00:33:16.145,1.47316,1.47116,2.2100,2.9600
13.01.2014 00:33:17.649,1.47312,1.47112,2.6300,2.9000
13.01.2014 00:33:19.092,1.47315,1.47115,1.4900,1.4700
13.01.2014 00:33:20.484,1.47313,1.47113,1.1800,1.2700
13.01.2014 00:33:21.643,1.47313,1.47113,1.4100,1.8400
13.01.2014 00:33:23.015,1.47313,1.47113,2.9100,1.2900
13.01.2014 00:33:24.564,1.47311,1.47111,2.2800,1.4700
13.01.2014 00:33:25.813,1.47307,1.47107,1.0300,2.0900
13.01.2014 00:33:27.342,1.47308,1.47108,2.5800,1.7300
13.01.2014 00:33:28.881,1.47310,1.47110,2.6200,1.7400
13.01.2014 00:33:30.179,1.47310,1.47110,2.1900,2.3200
13.01.2014 00:33:31.574,1.47309,1.47109,1.0100,2.6600
13.01.2014 00:33:33.068,1.47309,1.47109,2.3400,1.1300
13.01.2014 00:33:34.540,1.47309,1.47109,2.0400,2.0100
13.01.2014 00:33:35.963,1.47308,1.47108,2.1800,2.2500
13.01.2014 00:33:37.133,1.47308,1.47108,2.0600,2.8600
13.01.2014 00:33:38.704,1.47309,1.47109,2.8300,2.3900
13.01.2014 00:33:40.187,1.47309,1.47109,2.0100,1.8300
13.01.2014 00:33:41.517,1.47309,1.47109,2.3400,2.6200
13.01.2014 00:33:42.894,1.47309,1.47109,1.1800,2.7100
13.01.2014 00:33:44.322,1.47311,1.47111,1.6700,2.7800
13.01.2014 00:33:45.711,1.47311,1.47111,1.5100,1.1800
13.01.2014 00:33:47.167,1.47312,1.47112,2.0300,1.0700
13.01.2014 00:33:48.588,1.47310,1.47110,1.6600,1.6200
13.01.2014 00:33:49.999,1.47310,1.47110,1.9000,1.8700
13.01.2014 00:33:51.427,1.47306,1.47106,2.7800,1.5500
13.01.2014 00:33:52.709,1.47307,1.47107,1.8500,2.5200
13.01.2014 00:33:54.314,1.47308,1.47108,1.7000,2.0700
13.01.2014 00:33:55.663,1.47307,1.47107,2.0300,1.9300
13.01.2014 00:33:57.284,1.47305,1.47105,1.2800,2.5300
13.01.2014 00:33:58.642,1.47309,1.47109,2.4900,1.9000
13.01.2014 00:34:00.219,1.47312,1.47112,1.2800,1.5200
13.01.2014 00:34:01.572,1.47312,1.47112,1.4600,2.9000
13.01.2014 00:34:02.964,1.47313,1.47113,2.7600,2.8200
13.01.2014 00:34:04.362,1.47310,1.47110,1.3300,2.2500
13.01.2014 00:34:05.825,1.47311,1.47111,1.1500,2.8400
13.01.2014 00:34:07.306,1.47310,1.47110,1.9100,2.3400
13.01.2014 00:34:08.750,1.47307,1.47107,1.0200,1.5000
13.01.2014 00:34:09.880,1.47308,1.47108,1.3100,2.1900
13.01.2014 00:34:11.328,1.47307,1.47107,1.8900,2.8300
13.01.2014 00:34:12.824,1.47307,1.47107,2.7000,1.2100
13.01.2014 00:34:14.314,1.47307,1.47107,2.4300,2.7300
13.01.2014 00:34:15.954,1.47309,1.47109,1.1200,2.9800
13.01.2014 00:34:17.452,1.47307,1.47107,2.5800,2.5800
13.01.2014 00:34:18.959,1.47307,1.47107,1.2800,2.7500
13.01.2014 00:34:20.323,1.47309,1.47109,2.2300,2.6400
13.01.2014 00:34:21.778,1.47309,1.47109,2.6700,2.5500
13.01.2014 00:34:23.149,1.47306,1.47106,1.1100,1.2500
13.01.2014 00:34:24.461,1.47305,1.47105,2.7000,2.2000
13.01.2014 00:34:25.929,1.47305,1.47105,2.2200,2.1600
13.01.2014 00:34:27.271,1.47307,1.47107,2.5900,2.6200
13.01.2014 00:34:28.593,1.47306,1.47106,1.8500,1.4200
13.01.2014 00:34:30.078,1.47308,1.47108,2.3700,2.8200
13.01.2014 00:34:31.484,1.47311,1.47111,1.8200,1.2100
13.01.2014 00:34:32.834,1.47311,1.47111,2.5100,2.6300
13.01.2014 00:34:34.298,1.47307,1.47107,1.7800,1.3500
13.01.2014 00:34:35.715,1.47307,1.47107,1.3100,1.3800
13.01.2014 00:34:37.104,1.47305,1.47105,1.0500,1.3500
13.01.2014 00:34:38.631,1.47305,1.47105,2.5000,1.5100
13.01.2014 00:34:40.022,1.47304,1.47104,2.1000,1.4100
13.01.2014 00:34:41.447,1.47306,1.47106,2.4600,2.7000
13.01.2014 00:34:42.910,1.47308,1.47108,2.0200,1.4200
13.01.2014 00:34:44.334,1.47304,1.47104,1.0900,2.2000
13.01.2014 00:34:45.626,1.47304,1.47104,1.4000,2.1000
13.01.2014 00:34:46.950,1.47306,1.47106,2.1700,2.9500
13.01.2014 00:34:48.400,1.47307,1.47107,1.4100,2.0900
13.01.2014 00:34:49.881,1.47307,1.47107,2.3100,2.2600
13.01.2014 00:34:51.452,1.47305,1.47105,1.1600,1.1100
13.01.2014 00:34:52.856,1.47305,1.47105,1.2100,2.9200
13.01.2014 00:34:54.130,1.47305,1.47105,1.4400,2.0400
13.01.2014 00:34:55.519,1.47307,1.47107,2.7300,1.6300
13.01.2014 00:34:56.952,1.47306,1.47106,1.6500,2.4400
13.01.2014 00:34:58.391,1.47308,1.47108,1.4500,1.3500
13.01.2014 00:34:59.678,1.47307,1.47107,1.6800,2.6800
13.01.2014 00:35:01.129,1.47307,1.47107,1.4600,2.4200
13.01.2014 00:35:02.426,1.47308,1.47108,1.4700,2.9000
13.01.2014 00:35:03.687,1.47304,1.47104,1.4100,2.8500
13.01.2014 00:35:05.176,1.47304,1.47104,2.8400,2.7100
13.01.2014 00:35:06.439,1.47303,1.47103,2.1600,2.0200
13.01.2014 00:35:07.978,1.47304,1.47104,2.4200,1.6000
13.01.2014 00:35:09.381,1.47305,1.47105,1.6800,1.6500
13.01.2014 00:35:10.824,1.47305,1.47105,2.5800,2.2400
13.01.2014 00:35:12.204,1.47306,1.47106,1.9100,2.4500
13.01.2014 00:35:13.568,1.47305,1.47105,2.2000,2.2300
13.01.2014 00:35:15.126,1.47305,1.47105,2.8900,2.5600
13.01.2014 00:35:16.517,1.47309,1.47109,1.1300,1.7000
13.01.2014 00:35:18.087,1.47309,1.47109,2.4500,1.8700
13.01.2014 00:35:19.383,1.47309,1.47109,1.3200,2.6600
13.01.2014 00:35:20.576,1.47310,1.47110,2.6600,2.2800
13.01.2014 00:35:21.724,1.47311,1.47111,2.4300,1.7600
13.01.2014 00:35:23.011,1.47310,1.47110,2.4900,1.8400
13.01.2014 00:35:24.224,1.47309,1.47109,1.4300,1.6400
13.01.2014 00:35:25.645,1.47307,1.47107,1.1600,1.0200
13.01.2014 00:35:26.866,1.47307,1.47107,1.7700,2.4800
13.01.2014 00:35:28.218,1.47307,1.47107,2.6500,1.7500
13.01.2014 00:35:29.567,1.47308,1.47108,1.8800,1.5000
13.01.2014 00:35:31.096,1.47309,1.47109,1.7700,2.2600
13.01.2014 00:35:32.465,1.47308,1.47108,1.9400,1.5900
13.01.2014 00:35:33.810,1.47307,1.47107,2.6600,2.0000
13.01.2014 00:35:35.258,1.47309,1.47109,1.0300,2.6700
13.01.2014 00:35:36.658,1.47310,1.47110,1.9000,2.4700
13.01.2014 00:35:38.065,1.47310,1.47110,1.6100,1.5300
13.01.2014 00:35:39.454,1.47309,1.47109,2.0300,2.2900
13.01.2014 00:35:40.823,1.47308,1.47108,1.0900,1.4600
13.01.2014 00:35:42.156,1.47308,1.47108,1.6100,2.6600
13.01.2014 00:35:43.602,1.47308,1.47108,2.3900,1.6200
13.01.2014 00:35:45.050,1.47309,1.47109,2.8700,1.2400
13.01.2014 00:35:46.479,1.47308,1.47108,2.2000,2.2400
13.01.2014 00:35:47.827,1.47305,1.47105,1.6200,2.7400
13.01.2014 00:35:49.074,1.47303,1.47103,1.9000,2.1900
13.01.2014 00:35:50.393,1.47303,1.47103,1.3600,2.4700
13.01.2014 00:35:51.712,1.47302,1.47102,2.0300,1.5600
13.01.2014 00:35:53.162,1.47302,1.47102,2.8700,1.4900
13.01.2014 00:35:54.497,1.47303,1.47103,2.7900,1.9100
13.01.2014 00:35:55.888,1.47304,1.47104,1.7700,1.3800
13.01.2014 00:35:57.558,1.47307,1.47107,1.9600,2.8500
13.01.2014 00:35:58.983,1.47305,1.47105,1.1500,2.1100
13.01.2014 00:36:00.303,1.47306,1.47106,2.4400,2.9400
13.01.2014 00:36:01.600,1.47303,1.47103,2.7800,1.8100
13.01.2014 00:36:02.998,1.47301,1.47101,2.1400,2.6600
13.01.2014 00:36:04.408,1.47302,1.47102,1.2200,1.5600
13.01.2014 00:36:05.710,1.47301,1.47101,1.4300,1.6800
13.01.2014 00:36:07.129,1.47302,1.47102,1.3700,1.2100
13.01.2014 00:36:08.553,1.47304,1.47104,1.7400,2.2300
13.01.2014 00:36:09.892,1.47304,1.47104,1.3800,2.8800
13.01.2014 00:36:11.321,1.47306,1.47106,2.4300,2.2100
13.01.2014 00:36:12.703,1.47307,1.47107,2.7400,1.3700
13.01.2014 00:36:14.080,1.47308,1.47108,1.6500,2.6300
13.01.2014 00:36:15.335,1.47308,1.47108,1.6300,2.1400
13.01.2014 00:36:16.755,1.47308,1.47108,2.3700,1.2800
13.01.2014 00:36:18.219,1.47309,1.47109,2.1300,1.2200
13.01.2014 00:36:19.536,1.47309,1.47109,1.4500,2.8300
13.01.2014 00:36:21.157,1.47310,1.47110,1.2500,1.7000
13.01.2014 00:36:22.580,1.47307,1.47107,1.0400,1.5200
13.01.2014 00:36:23.988,1.47309,1.47109,2.7100,1.7000
13.01.2014 00:36:25.594,1.47310,1.47110,2.3000,1.4900
13.01.2014 00:36:26.986,1.47309,1.47109,1.0600,1.3500
13.01.2014 00:36:28.461,1.47310,1.47110,1.7600,2.2900
13.01.2014 00:36:29.906,1.47309,1.47109,1.2600,2.6500
13.01.2014 00:36:31.421,1.47307,1.47107,2.3800,2.3200
13.01.2014 00:36:33.007,1.47309,1.47109,1.0000,2.9800
13.01.2014 00:36:34.472,1.47311,1.47111,1.3100,2.6400
13.01.2014 00:36:35.878,1.47314,1.47114,1.1900,1.3900
13.01.2014 00:36:37.235,1.47314,1.47114,2.8000,2.5900
13.01.2014 00:36:38.596,1.47313,1.47113,1.2800,2.3600
13.01.2014 00:36:39.988,1.47312,1.47112,2.7300,1.2500
13.01.2014 00:36:41.387,1.47310,1.47110,2.3100,2.6700
13.01.2014 00:36:42.694,1.47307,1.47107,2.6100,2.3400
13.01.2014 00:36:44.171,1.47305,1.47105,2.5700,1.8400
13.01.2014 00:36:45.606,1.47304,1.47104,1.4000,1.9600
13.01.2014 00:36:46.951,1.47304,1.47104,2.3700,2.3200
13.01.2014 00:36:48.373,1.47305,1.47105,2.3800,2.9500
13.01.2014 00:36:49.777,1.47306,1.47106,2.7100,1.6100
13.01.2014 00:36:51.155,1.47304,1.47104,1.5400,2.0800
13.01.2014 00:36:52.550,1.47302,1.47102,2.4600,2.3900
13.01.2014 00:36:53.965,1.47302,1.47102,2.9100,2.8300
13.01.2014 00:36:55.430,1.47300,1.47100,2.8700,2.5600
13.01.2014 00:36:56.882,1.47300,1.47100,1.1200,1.3100
13.01.2014 00:36:58.438,1.47299,1.47099,1.2100,2.9000
13.01.2014 00:37:00.058,1.47300,1.47100,2.7200,2.7500
13.01.2014 00:37:01.284,1.47299,1.47099,1.8500,1.9600
13.01.2014 00:37:02.686,1.47303,1.47103,1.1100,2.4100
13.01.2014 00:37:04.276,1.47304,1.47104,1.3300,1.1900
13.01.2014 00:37:05.596,1.47302,1.47102,2.1400,1.6700
13.01.2014 00:37:06.991,1.47302,1.47102,1.3700,2.7100
13.01.2014 00:37:08.406,1.47301,1.47101,2.9500,2.7500
13.01.2014 00:37:09.649,1.47302,1.47102,2.1200,1.7900
13.01.2014 00:37:11.100,1.47303,1.47103,2.6500,2.6300
13.01.2014 00:37:12.430,1.47305,1.47105,2.4400,1.7400
13.01.2014 00:37:13.779,1.47304,1.47104,1.1300,1.2500
13.01.2014 00:37:15.222,1.47305,1.47105,2.6200,2.3900
13.01.2014 00:37:16.643,1.47305,1.47105,1.6200,1.4400
13.01.2014 00:37:18.067,1.47305,1.47105,1.6100,1.7800
13.01.2014 00:37:19.351,1.47303,1.47103,2.8400,2.1100
13.01.2014 00:37:20.840,1.47304,1.47104,1.5200,1.3000
13.01.2014 00:37:22.331,1.47304,1.47104,1.3100,1.6200
13.01.2014 00:37:23.792,1.47303,1.47103,2.4300,2.4100
13.01.2014 00:37:25.169,1.47303,1.47103,1.0300,1.0800
13.01.2014 00:37:26.592,1.47303,1.47103,2.3200,2.3800
13.01.2014 00:37:28.030,1.47306,1.47106,2.8300,1.3800
13.01.2014 00:37:29.297,1.47304,1.47104,1.2600,1.7200
13.01.2014 00:37:30.641,1.47302,1.47102,1.3300,1.0800
13.01.2014 00:37:32.190,1.47301,1.47101,1.0000,1.0900
13.01.2014 00:37:33.763,1.47301,1.47101,2.2500,2.1500
13.01.2014 00:37:35.070,1.47302,1.47102,1.0600,2.8400
13.01.2014 00:37:36.377,1.47305,1.47105,1.0500,1.3200
13.01.2014 00:37:37.850,1.47302,1.47102,2.8000,1.6500
13.01.2014 00:37:39.272,1.47300,1.47100,1.2800,1.6500
13.01.2014 00:37:40.733,1.47300,1.47100,1.9300,2.9500
13.01.2014 00:37:41.987,1.47299,1.47099,2.8600,2.9100
13.01.2014 00:37:43.583,1.47301,1.47101,1.9600,1.0400
13.01.2014 00:37:44.988,1.47303,1.47103,1.3900,1.8400
13.01.2014 00:37:46.362,1.47303,1.47103,2.6400,2.7500
13.01.2014 00:37:47.777,1.47304,1.47104,2.7900,2.4000
13.01.2014 00:37:49.144,1.47301,1.47101,1.0900,1.7800
13.01.2014 00:37:50.471,1.47300,1.47100,1.4700,1.8200
13.01.2014 00:37:51.952,1.47303,1.47103,1.1600,1.9600
13.01.2014 00:37:53.211,1.47305,1.47105,1.4700,2.8100
13.01.2014 00:37:54.675,1.47304,1.47104,1.1000,1.0600
13.01.2014 00:37:56.071,1.47305,1.47105,2.7400,2.7900
13.01.2014 00:37:57.408,1.47304,1.47104,2.8000,1.8900
13.01.2014 00:37:58.780,1.47303,1.47103,2.8300,1.8100
13.01.2014 00:38:00.242,1.47302,1.47102,1.1900,1.9500
13.01.2014 00:38:01.467,1.47304,1.47104,2.5400,1.6900
13.01.2014 00:38:02.879,1.47303,1.47103,1.2400,1.5800
13.01.2014 00:38:04.307,1.47303,1.47103,2.8100,1.6800
13.01.2014 00:38:05.780,1.47308,1.47108,2.5000,1.1900
13.01.2014 00:38:07.071,1.47310,1.47110,1.9300,2.6900
13.01.2014 00:38:08.282,1.47310,1.47110,2.1600,1.5900
13.01.2014 00:38:09.693,1.47311,1.47111,2.2200,1.1900
13.01.2014 00:38:11.007,1.47308,1.47108,2.2500,2.6400
13.01.2014 00:38:12.333,1.47308,1.47108,1.4800,2.1900
13.01.2014 00:38:13.709,1.47308,1.47108,1.5900,1.8600
13.01.2014 00:38:15.120,1.47307,1.47107,2.0000,2.7300
13.01.2014 00:38:16.419,1.47308,1.47108,1.6500,1.2800
13.01.2014 00:38:17.814,1.47306,1.47106,2.2000,1.0600
13.01.2014 00:38:19.269,1.47307,1.47107,2.7300,1.9600
13.01.2014 00:38:20.783,1.47306,1.47106,2.4300,2.1300
13.01.2014 00:38:22.251,1.47306,1.47106,2.3600,1.9800
13.01.2014 00:38:23.659,1.47307,1.47107,2.8200,2.7300
13.01.2014 00:38:24.874,1.47308,1.47108,1.2800,2.0700
13.01.2014 00:38:26.346,1.47306,1.47106,1.0900,1.1100
13.01.2014 00:38:27.598,1.47308,1.47108,2.4500,1.3300
13.01.2014 00:38:29.071,1.47309,1.47109,2.0700,1.9700
13.01.2014 00:38:30.498,1.47307,1.47107,1.7800,2.1100
13.01.2014 00:38:31.844,1.47307,1.47107,1.2500,1.0100
13.01.2014 00:38:33.130,1.47308,1.47108,1.2600,1.2300
13.01.2014 00:38:34.561,1.47308,1.47108,1.1000,1.1100
13.01.2014 00:38:36.057,1.47308,1.47108,2.5500,1.1700
13.01.2014 00:38:37.260,1.47307,1.47107,1.0100,1.6400
13.01.2014 00:38:38.671,1.47307,1.47107,1.0500,2.2900
13.01.2014 00:38:40.026,1.47307,1.47107,1.9700,1.7500
13.01.2014 00:38:41.242,1.47308,1.47108,1.7100,2.0300
13.01.2014 00:38:42.698,1.47306,1.47106,2.0700,2.2600
13.01.2014 00:38:43.953,1.47305,1.47105,1.0600,1.0900
13.01.2014 00:38:45.440,1.47308,1.47108,1.3800,1.0400
13.01.2014 00:38:46.886,1.47307,1.47107,1.6700,2.7600
13.01.2014 00:38:48.522,1.47307,1.47107,2.8400,1.4500
13.01.2014 00:38:50.042,1.47306,1.47106,2.3900,2.9400
13.01.2014 00:38:51.565,1.47307,1.47107,1.9500,2.4500
13.01.2014 00:38:53.095,1.47308,1.47108,2.9500,2.5700
13.01.2014 00:38:54.348,1.47307,1.47107,1.0600,2.3400
13.01.2014 00:38:55.662,1.47309,1.47109,1.5500,1.6200
13.01.2014 00:38:56.946,1.47309,1.47109,2.8900,2.3700
13.01.2014 00:38:58.300,1.47308,1.47108,1.1200,1.4700
13.01.2014 00:38:59.787,1.47306,1.47106,1.7900,2.1000
13.01.2014 00:39:01.218,1.47307,1.47107,1.0600,1.3400
13.01.2014 00:39:02.490,1.47306,1.47106,2.3400,2.6400
13.01.2014 00:39:03.922,1.47306,1.47106,2.7300,1.9000
13.01.2014 00:39:05.257,1.47308,1.47108,2.5600,2.7100
13.01.2014 00:39:06.691,1.47308,1.47108,2.4600,1.4500
13.01.2014 00:39:08.180,1.47311,1.47111,1.2200,2.9900
13.01.2014 00:39:09.614,1.47311,1.47111,2.6200,2.1100
13.01.2014 00:39:11.001,1.47310,1.47110,2.7200,2.1100
13.01.2014 00:39:12.415,1.47308,1.47108,2.4500,1.2000
13.01.2014 00:39:13.833,1.47306,1.47106,1.6800,1.0900
13.01.2014 00:39:15.186,1.47305,1.47105,1.5300,1.5600
13.01.2014 00:39:16.509,1.47305,1.47105,2.2000,1.6900
13.01.2014 00:39:17.894,1.47304,1.47104,2.4200,2.7800
13.01.2014 00:39:19.310,1.47305,1.47105,2.2900,2.2900
13.01.2014 00:39:20.756,1.47303,1.47103,1.4200,2.9900
13.01.2014 00:39:22.143,1.47306,1.47106,1.4000,2.1600
13.01.2014 00:39:23.377,1.47304,1.47104,2.4700,1.1900
13.01.2014 00:39:24.676,1.47302,1.47102,2.6900,1.2400
13.01.2014 00:39:26.116,1.47301,1.47101,1.9300,1.3000
13.01.2014 00:39:27.427,1.47301,1.47101,1.7500,1.2600
13.01.2014 00:39:28.763,1.47301,1.47101,1.3300,1.6200
13.01.2014 00:39:30.170,1.47302,1.47102,1.0600,2.2200
13.01.2014 00:39:31.539,1.47302,1.47102,2.5600,2.0600
13.01.2014 00:39:32.927,1.47304,1.47104,2.3100,1.2300
13.01.2014 00:39:34.278,1.47302,1.47102,2.5600,2.3100
13.01.2014 00:39:35.557,1.47302,1.47102,1.3300,1.5000
13.01.2014 00:39:36.923,1.47303,1.47103,1.8300,1.7500
13.01.2014 00:39:38.298,1.47304,1.47104,2.5400,2.9500
13.01.2014 00:39:39.662,1.47305,1.47105,1.6700,2.9000
13.01.2014 00:39:40.947,1.47303,1.47103,1.0800,2.2800
13.01.2014 00:39:42.501,1.47300,1.47100,2.2600,1.9900
13.01.2014 00:39:43.826,1.47300,1.47100,2.2200,2.6100
13.01.2014 00:39:45.328,1.47297,1.47097,1.8400,1.6800
13.01.2014 00:39:46.685,1.47297,1.47097,1.6400,2.6500
13.01.2014 00:39:48.084,1.47295,1.47095,1.8400,1.5000
13.01.2014 00:39:49.357,1.47296,1.47096,2.6900,1.5200
13.01.2014 00:39:50.623,1.47296,1.47096,2.7100,2.5700
13.01.2014 00:39:51.992,1.47296,1.47096,2.0100,2.4400
13.01.2014 00:39:53.271,1.47296,1.47096,2.2100,1.6900
13.01.2014 00:39:54.611,1.47297,1.47097,1.4900,2.0800
13.01.2014 00:39:56.018,1.47297,1.47097,2.4300,2.1000
13.01.2014 00:39:57.320,1.47298,1.47098,1.4500,2.6100
13.01.2014 00:39:58.765,1.47296,1.47096,2.4900,2.4300
13.01.2014 00:40:00.203,1.47298,1.47098,2.3300,1.3500
13.01.2014 00:40:01.528,1.47298,1.47098,1.1700,1.3000
13.01.2014 00:40:02.962,1.47300,1.47100,1.2000,2.0100
13.01.2014 00:40:04.328,1.47298,1.47098,1.4800,2.9100
13.01.2014 00:40:05.844,1.47301,1.47101,2.7400,1.4600
13.01.2014 00:40:07.184,1.47300,1.47100,1.1100,1.6600
13.01.2014 00:40:08.653,1.47303,1.47103,2.4800,1.6100
13.01.2014 00:40:10.134,1.47303,1.47103,1.0900,2.0200
13.01.2014 00:40:11.469,1.47302,1.47102,1.2900,2.5800
13.01.2014 00:40:12.909,1.47303,1.47103,2.0900,1.2400
13.01.2014 00:40:14.362,1.47303,1.47103,2.3600,1.6300
13.01.2014 00:40:15.663,1.47304,1.47104,1.8900,1.3400
13.01.2014 00:40:17.145,1.47302,1.47102,1.5300,1.0900
13.01.2014 00:40:18.470,1.47302,1.47102,2.0800,2.8200
13.01.2014 00:40:20.028,1.47301,1.47101,2.3800,1.8500
13.01.2014 00:40:21.583,1.47305,1.47105,2.3500,1.0200
13.01.2014 00:40:23.004,1.47303,1.47103,2.3600,2.5600
13.01.2014 00:40:24.397,1.47303,1.47103,2.2000,2.3100
13.01.2014 00:40:25.695,1.47305,1.47105,2.0700,2.9100
13.01.2014 00:40:27.004,1.47305,1.47105,2.6900,2.9700
13.01.2014 00:40:28.358,1.47306,1.47106,1.7600,1.8100
13.01.2014 00:40:29.678,1.47306,1.47106,2.2800,2.8900
13.01.2014 00:40:31.222,1.47305,1.47105,2.7900,2.1500
13.01.2014 00:40:32.784,1.47305,1.47105,1.4600,1.3400
13.01.2014 00:40:34.315,1.47306,1.47106,2.5100,1.0400
13.01.2014 00:40:35.721,1.47305,1.47105,2.0700,1.2700
13.01.2014 00:40:37.096,1.47309,1.47109,2.9000,1.4300
13.01.2014 00:40:38.451,1.47310,1.47110,1.5400,2.3400
13.01.2014 00:40:39.865,1.47310,1.47110,1.5100,2.0800
13.01.2014 00:40:41.176,1.47312,1.47112,1.9900,2.9900
13.01.2014 00:40:42.449,1.47311,1.47111,2.7000,1.1900
13.01.2014 00:40:43.902,1.47311,1.47111,1.7100,2.4400
13.01.2014 00:40:45.466,1.47311,1.47111,1.7400,1.9100
13.01.2014 00:40:46.885,1.47312,1.47112,1.3500,2.9900
13.01.2014 00:40:48.414,1.47313,1.47113,2.5300,2.8000
13.01.2014 00:40:49.810,1.47315,1.47115,1.0700,1.2300
13.01.2014 00:40:51.018,1.47316,1.47116,1.4900,2.4400
13.01.2014 00:40:52.278,1.47315,1.47115,2.0800,2.7100
13.01.2014 00:40:53.697,1.47315,1.47115,1.1500,2.8400
13.01.2014 00:40:55.178,1.47314,1.47114,2.0200,2.1500
13.01.2014 00:40:56.480,1.47312,1.47112,2.9300,2.9400
13.01.2014 00:40:57.710,1.47314,1.47114,2.3800,2.8100
13.01.2014 00:40:58.995,1.47313,1.47113,1.3000,1.9800
13.01.2014 00:41:00.434,1.47314,1.47114,1.9200,2.9700
13.01.2014 00:41:01.754,1.47312,1.47112,1.1900,2.6700
13.01.2014 00:41:03.208,1.47314,1.47114,1.5400,1.6700
13.01.2014 00:41:04.764,1.47316,1.47116,1.8200,1.7400
13.01.2014 00:41:06.164,1.47316,1.47116,1.6200,1.8900
13.01.2014 00:41:07.386,1.47315,1.47115,1.1000,2.9700
13.01.2014 00:41:08.739,1.47313,1.47113,1.5000,2.9600
13.01.2014 00:41:10.217,1.47311,1.47111,1.2500,1.9400
13.01.2014 00:41:11.439,1.47311,1.47111,2.1800,1.7500
13.01.2014 00:41:12.977,1.47311,1.47111,1.1200,1.6900
13.01.2014 00:41:14.365,1.47310,1.47110,1.9900,2.3900
13.01.2014 00:41:15.595,1.47313,1.47113,1.0700,1.2800
13.01.2014 00:41:17.147,1.47312,1.47112,1.5700,2.0700
13.01.2014 00:41:18.420,1.47314,1.47114,2.9600,1.9000
13.01.2014 00:41:19.805,1.47315,1.47115,1.4600,2.2300
13.01.2014 00:41:21.095,1.47318,1.47118,1.2400,1.3900
13.01.2014 00:41:22.597,1.47319,1.47119,1.0100,2.4200
13.01.2014 00:41:23.895,1.47321,1.47121,2.9000,2.2400
13.01.2014 00:41:25.318,1.47318,1.47118,2.6900,2.2400
13.01.2014 00:41:26.709,1.47317,1.47117,2.1700,2.4500
13.01.2014 00:41:28.108,1.47314,1.47114,2.3300,1.6300
13.01.2014 00:41:29.657,1.47316,1.47116,1.9500,1.8000
13.01.2014 00:41:31.122,1.47319,1.47119,2.7700,1.7600
13.01.2014 00:41:32.520,1.47320,1.47120,1.3100,2.8100
13.01.2014 00:41:33.768,1.47320,1.47120,2.7900,1.8100
13.01.2014 00:41:35.158,1.47321,1.47121,1.2800,2.5800
13.01.2014 00:41:36.747,1.47322,1.47122,2.4800,2.6300
13.01.2014 00:41:38.266,1.47323,1.47123,2.0400,2.7500
13.01.2014 00:41:39.589,1.47323,1.47123,2.6700,2.3700
13.01.2014 00:41:41.052,1.47322,1.47122,1.9400,2.1200
13.01.2014 00:41:42.565,1.47323,1.47123,3.0000,2.4800
13.01.2014 00:41:43.905,1.47323,1.47123,2.8700,2.4600
13.01.2014 00:41:45.069,1.47322,1.47122,1.4600,1.3600
13.01.2014 00:41:46.428,1.47321,1.47121,1.7500,2.7300
13.01.2014 00:41:47.861,1.47322,1.47122,1.4900,2.7400
13.01.2014 00:41:49.263,1.47323,1.47123,1.8000,1.4300
13.01.2014 00:41:50.718,1.47321,1.47121,2.8800,1.5700
13.01.2014 00:41:52.174,1.47322,1.47122,1.3200,2.0600
13.01.2014 00:41:53.518,1.47323,1.47123,1.9500,2.5300
13.01.2014 00:41:54.961,1.47323,1.47123,2.1600,1.2900
13.01.2014 00:41:56.332,1.47319,1.47119,2.2100,2.5400
13.01.2014 00:41:57.682,1.47317,1.47117,1.1800,1.1800
13.01.2014 00:41:59.134,1.47317,1.47117,1.2800,2.6500
13.01.2014 00:42:00.697,1.47319,1.47119,2.9300,2.7400
13.01.2014 00:42:02.051,1.47319,1.47119,2.2800,2.9300
13.01.2014 00:42:03.433,1.47318,1.47118,1.1600,2.4400
13.01.2014 00:42:04.795,1.47318,1.47118,1.6200,1.2400
13.01.2014 00:42:06.099,1.47317,1.47117,2.4300,2.1400
13.01.2014 00:42:07.810,1.47319,1.47119,1.6900,1.7100
13.01.2014 00:42:09.346,1.47320,1.47120,2.3000,2.8900
13.01.2014 00:42:10.767,1.47322,1.47122,1.7100,1.8100
13.01.2014 00:42:12.163,1.47324,1.47124,2.7700,1.6800
13.01.2014 00:42:13.727,1.47323,1.47123,2.8300,1.1000
13.01.2014 00:42:15.025,1.47324,1.47124,1.3500,2.9900
13.01.2014 00:42:16.176,1.47326,1.47126,1.1300,1.9300
13.01.2014 00:42:17.575,1.47327,1.47127,2.7000,2.8900
13.01.2014 00:42:19.073,1.47324,1.47124,2.7900,2.6500
13.01.2014 00:42:20.425,1.47323,1.47123,1.7500,1.3400
13.01.2014 00:42:21.815,1.47324,1.47124,1.8900,1.9100
13.01.2014 00:42:23.187,1.47326,1.47126,1.6100,2.6100
13.01.2014 00:42:24.516,1.47326,1.47126,1.0400,1.4300
13.01.2014 00:42:26.054,1.47328,1.47128,1.2400,2.0100
13.01.2014 00:42:27.540,1.47329,1.47129,1.7000,2.6200
13.01.2014 00:42:28.893,1.47329,1.47129,2.8100,1.0500
13.01.2014 00:42:30.360,1.47328,1.47128,2.5900,2.3000
13.01.2014 00:42:31.678,1.47328,1.47128,2.0200,2.3300
13.01.2014 00:42:33.203,1.47329,1.47129,2.7800,2.2300
13.01.2014 00:42:34.734,1.47328,1.47128,1.4500,1.9700
13.01.2014 00:42:36.014,1.47327,1.47127,1.5300,2.5000
13.01.2014 00:42:37.368,1.47324,1.47124,1.3900,1.5900
13.01.2014 00:42:38.759,1.47326,1.47126,2.3700,1.9000
13.01.2014 00:42:39.984,1.47325,1.47125,2.6100,1.7500
13.01.2014 00:42:41.296,1.47328,1.47128,2.4500,2.4600
13.01.2014 00:42:42.891,1.47329,1.47129,1.5100,1.1200
13.01.2014 00:42:44.260,1.47331,1.47131,2.1700,1.0600
13.01.2014 00:42:45.555,1.47331,1.47131,1.6500,2.2400
13.01.2014 00:42:47.061,1.47332,1.47132,1.0200,1.9500
13.01.2014 00:42:48.377,1.47332,1.47132,2.6700,2.4000
13.01.2014 00:42:49.788,1.47332,1.47132,2.5400,2.6700
13.01.2014 00:42:51.179,1.47331,1.47131,1.5900,1.1900
13.01.2014 00:42:52.598,1.47334,1.47134,2.4500,2.0600
13.01.2014 00:42:53.913,1.47336,1.47136,2.0900,2.3100
13.01.2014 00:42:55.352,1.47336,1.47136,2.4900,1.0400
13.01.2014 00:42:56.789,1.47335,1.47135,1.7400,1.3300
13.01.2014 00:42:58.097,1.47336,1.47136,1.4000,1.1800
13.01.2014 00:42:59.589,1.47339,1.47139,2.7200,2.7600
13.01.2014 00:43:01.088,1.47339,1.47139,2.9100,1.3700
13.01.2014 00:43:02.474,1.47338,1.47138,2.6300,2.9400
13.01.2014 00:43:03.839,1.47341,1.47141,1.9700,2.3700
13.01.2014 00:43:05.155,1.47339,1.47139,1.6500,2.1800
13.01.2014 00:43:06.570,1.47340,1.47140,1.4400,2.1600
13.01.2014 00:43:07.938,1.47341,1.47141,2.8800,2.7100
13.01.2014 00:43:09.272,1.47340,1.47140,1.3200,2.2600
13.01.2014 00:43:10.507,1.47342,1.47142,1.9900,1.4600
