Time,Ask,Bid,AskVolume,BidVolume
10.01.2014 00:00:02.583,1.47849,1.47649,1.1600,2.5000
10.01.2014 00:00:03.813,1.47849,1.47649,2.0400,1.9700
10.01.2014 00:00:05.405,1.47848,1.47648,2.9500,2.2300
10.01.2014 00:00:06.797,1.47850,1.47650,2.3700,1.3600
10.01.2014 00:00:08.097,1.47850,1.47650,2.6900,2.0300
10.01.2014 00:00:09.458,1.47851,1.47651,2.9800,2.9100
10.01.2014 00:00:10.769,1.47849,1.47649,1.1800,2.3300
10.01.2014 00:00:12.126,1.47849,1.47649,1.3100,2.2300
10.01.2014 00:00:13.560,1.47848,1.47648,1.7600,2.5700
10.01.2014 00:00:14.854,1.47849,1.47649,2.0900,2.1500
10.01.2014 00:00:16.170,1.47847,1.47647,2.9500,1.1800
10.01.2014 00:00:17.617,1.47849,1.47649,1.0400,1.3800
10.01.2014 00:00:18.967,1.47849,1.47649,1.3400,1.2700
10.01.2014 00:00:20.295,1.47851,1.47651,1.5700,2.8700
10.01.2014 00:00:21.721,1.47849,1.47649,1.7500,1.6500
10.01.2014 00:00:23.056,1.47849,1.47649,1.6400,1.8500
10.01.2014 00:00:24.407,1.47847,1.47647,2.2100,2.8000
10.01.2014 00:00:25.904,1.47848,1.47648,1.9100,2.6000
10.01.2014 00:00:27.333,1.47849,1.47649,1.9100,1.5600
10.01.2014 00:00:28.785,1.47849,1.47649,2.3100,2.1700
10.01.2014 00:00:30.354,1.47848,1.47648,1.1500,2.3000
10.01.2014 00:00:31.761,1.47849,1.47649,1.0600,1.6400
10.01.2014 00:00:33.204,1.47849,1.47649,1.7700,1.8100
10.01.2014 00:00:34.577,1.47851,1.47651,1.8900,2.3100
10.01.2014 00:00:36.056,1.47850,1.47650,1.8000,2.0200
10.01.2014 00:00:37.427,1.47851,1.47651,2.1600,1.7300
10.01.2014 00:00:38.826,1.47851,1.47651,2.5700,2.2900
10.01.2014 00:00:40.393,1.47850,1.47650,2.6100,1.4200
10.01.2014 00:00:41.672,1.47848,1.47648,2.2000,1.5200
10.01.2014 00:00:43.213,1.47847,1.47647,1.3600,2.6800
10.01.2014 00:00:44.640,1.47844,1.47644,1.9700,2.1800
10.01.2014 00:00:46.236,1.47848,1.47648,1.5800,2.1500
10.01.2014 00:00:47.399,1.47847,1.47647,2.1300,2.0900
10.01.2014 00:00:48.775,1.47848,1.47648,1.9500,1.8400
10.01.2014 00:00:50.274,1.47850,1.47650,2.1800,1.6900
10.01.2014 00:00:51.687,1.47851,1.47651,2.1900,2.2900
10.01.2014 00:00:53.122,1.47849,1.47649,2.2400,2.7300
10.01.2014 00:00:54.616,1.47848,1.47648,1.3400,2.8100
10.01.2014 00:00:55.915,1.47850,1.47650,2.7200,1.5000
10.01.2014 00:00:57.286,1.47849,1.47649,2.6700,1.5600
10.01.2014 00:00:58.673,1.47849,1.47649,2.7200,1.2100
10.01.2014 00:01:00.141,1.47849,1.47649,1.1400,2.9700
10.01.2014 00:01:01.486,1.47848,1.47648,2.3000,1.6000
10.01.2014 00:01:02.794,1.47846,1.47646,1.3000,2.6300
10.01.2014 00:01:04.234,1.47848,1.47648,2.3900,2.6700
10.01.2014 00:01:05.594,1.47848,1.47648,1.4000,1.8900
10.01.2014 00:01:07.041,1.47850,1.47650,1.0200,1.9600
10.01.2014 00:01:08.588,1.47853,1.47653,1.4900,1.3000
10.01.2014 00:01:10.132,1.47855,1.47655,1.1900,2.4000
10.01.2014 00:01:11.526,1.47857,1.47657,1.0200,2.8800
10.01.2014 00:01:13.030,1.47857,1.47657,1.0700,1.0700
10.01.2014 00:01:14.632,1.47856,1.47656,1.6600,2.0100
10.01.2014 00:01:15.888,1.47859,1.47659,2.0800,2.9600
10.01.2014 00:01:17.099,1.47862,1.47662,2.3300,1.5500
10.01.2014 00:01:18.488,1.47865,1.47665,2.8100,2.7200
10.01.2014 00:01:19.809,1.47863,1.47663,1.9100,2.8800
10.01.2014 00:01:21.242,1.47864,1.47664,2.8400,2.4400
10.01.2014 00:01:22.530,1.47864,1.47664,1.7500,1.8400
10.01.2014 00:01:23.928,1.47864,1.47664,2.3500,2.3500
10.01.2014 00:01:25.316,1.47864,1.47664,2.9500,2.6400
10.01.2014 00:01:26.712,1.47865,1.47665,2.7300,1.4700
10.01.2014 00:01:28.214,1.47865,1.47665,2.9000,1.1800
10.01.2014 00:01:29.596,1.47864,1.47664,2.1900,1.7800
10.01.2014 00:01:31.128,1.47866,1.47666,1.2600,2.6900
10.01.2014 00:01:32.437,1.47868,1.47668,2.5600,2.6100
10.01.2014 00:01:33.791,1.47869,1.47669,2.3200,2.2800
10.01.2014 00:01:35.299,1.47866,1.47666,2.6600,1.9900
10.01.2014 00:01:36.755,1.47866,1.47666,2.4400,2.6900
10.01.2014 00:01:38.176,1.47865,1.47665,1.8300,2.0500
10.01.2014 00:01:39.398,1.47866,1.47666,1.5200,1.4500
10.01.2014 00:01:40.663,1.47868,1.47668,1.5800,2.3000
10.01.2014 00:01:42.016,1.47866,1.47666,1.7800,1.6100
10.01.2014 00:01:43.456,1.47867,1.47667,2.0700,1.4300
10.01.2014 00:01:44.851,1.47868,1.47668,2.8100,1.9600
10.01.2014 00:01:46.185,1.47868,1.47668,2.8300,1.5000
10.01.2014 00:01:47.641,1.47865,1.47665,2.7500,1.3100
10.01.2014 00:01:49.069,1.47866,1.47666,1.1500,2.7200
10.01.2014 00:01:50.460,1.47865,1.47665,1.9500,2.5300
10.01.2014 00:01:51.842,1.47865,1.47665,1.0100,1.8300
10.01.2014 00:01:53.208,1.47864,1.47664,1.2300,1.2200
10.01.2014 00:01:54.553,1.47863,1.47663,1.0400,1.8000
10.01.2014 00:01:55.932,1.47863,1.47663,1.1100,2.8800
10.01.2014 00:01:57.146,1.47864,1.47664,1.6800,2.7500
10.01.2014 00:01:58.415,1.47864,1.47664,2.4000,1.2000
10.01.2014 00:01:59.899,1.47867,1.47667,2.7900,1.0400
10.01.2014 00:02:01.309,1.47867,1.47667,1.9500,1.4800
10.01.2014 00:02:02.704,1.47866,1.47666,1.9100,2.5600
10.01.2014 00:02:04.151,1.47866,1.47666,1.3900,2.0800
10.01.2014 00:02:05.694,1.47864,1.47664,2.7300,1.1300
10.01.2014 00:02:07.057,1.47865,1.47665,1.8200,1.5800
10.01.2014 00:02:08.603,1.47866,1.47666,1.9300,1.3700
10.01.2014 00:02:10.019,1.47869,1.47669,2.1300,2.7100
10.01.2014 00:02:11.336,1.47870,1.47670,2.5900,1.3900
10.01.2014 00:02:12.653,1.47870,1.47670,2.4700,1.4800
10.01.2014 00:02:14.035,1.47866,1.47666,1.6800,1.7700
10.01.2014 00:02:15.423,1.47867,1.47667,2.5000,1.4000
10.01.2014 00:02:16.941,1.47865,1.47665,2.0900,1.8200
10.01.2014 00:02:18.333,1.47863,1.47663,1.3600,2.1100
10.01.2014 00:02:19.597,1.47864,1.47664,2.9900,2.9700
10.01.2014 00:02:20.998,1.47865,1.47665,1.8500,1.3800
10.01.2014 00:02:22.576,1.47866,1.47666,2.0900,2.7600
10.01.2014 00:02:23.966,1.47865,1.47665,2.2500,2.1800
10.01.2014 00:02:25.526,1.47864,1.47664,1.0300,1.9400
10.01.2014 00:02:26.959,1.47864,1.47664,2.1000,1.2600
10.01.2014 00:02:28.473,1.47862,1.47662,1.1900,2.2900
10.01.2014 00:02:29.925,1.47864,1.47664,1.7000,2.0000
10.01.2014 00:02:31.365,1.47864,1.47664,2.9400,2.4100
10.01.2014 00:02:32.789,1.47864,1.47664,1.8200,1.9000
10.01.2014 00:02:34.187,1.47864,1.47664,2.8100,2.2200
10.01.2014 00:02:35.687,1.47863,1.47663,1.3100,2.1600
10.01.2014 00:02:37.139,1.47861,1.47661,2.4200,1.7100
10.01.2014 00:02:38.463,1.47860,1.47660,2.2400,1.3800
10.01.2014 00:02:39.827,1.47860,1.47660,2.4100,1.4500
10.01.2014 00:02:41.251,1.47863,1.47663,1.1700,1.7600
10.01.2014 00:02:42.681,1.47862,1.47662,2.5700,1.8700
10.01.2014 00:02:44.239,1.47862,1.47662,2.1200,2.2300
10.01.2014 00:02:45.530,1.47861,1.47661,1.7300,2.2600
10.01.2014 00:02:47.145,1.47862,1.47662,2.9400,1.9300
10.01.2014 00:02:48.562,1.47864,1.47664,2.4900,2.1900
10.01.2014 00:02:49.932,1.47867,1.47667,1.8400,1.1000
10.01.2014 00:02:51.441,1.47865,1.47665,1.6000,2.3200
10.01.2014 00:02:52.869,1.47865,1.47665,1.6600,2.6500
10.01.2014 00:02:54.171,1.47868,1.47668,2.2300,1.1300
10.01.2014 00:02:55.568,1.47869,1.47669,1.3800,2.1700
10.01.2014 00:02:56.848,1.47871,1.47671,2.8300,1.3300
10.01.2014 00:02:58.289,1.47872,1.47672,2.5600,2.3000
10.01.2014 00:02:59.525,1.47871,1.47671,2.3800,1.8400
10.01.2014 00:03:00.856,1.47871,1.47671,2.6900,1.8700
10.01.2014 00:03:02.170,1.47871,1.47671,1.8900,2.8100
10.01.2014 00:03:03.606,1.47872,1.47672,1.6900,2.2800
10.01.2014 00:03:04.808,1.47873,1.47673,2.8000,2.8400
10.01.2014 00:03:06.187,1.47876,1.47676,2.0300,1.3000
10.01.2014 00:03:07.749,1.47875,1.47675,1.5200,1.9000
10.01.2014 00:03:09.052,1.47876,1.47676,1.1200,1.7300
10.01.2014 00:03:10.518,1.47874,1.47674,1.0900,1.1400
10.01.2014 00:03:11.821,1.47875,1.47675,1.8000,1.4600
10.01.2014 00:03:13.216,1.47873,1.47673,1.5600,2.6600
10.01.2014 00:03:14.646,1.47872,1.47672,1.2900,2.4500
10.01.2014 00:03:16.021,1.47873,1.47673,1.3200,2.6000
10.01.2014 00:03:17.411,1.47872,1.47672,2.5100,1.2200
10.01.2014 00:03:18.875,1.47869,1.47669,1.2500,2.5600
10.01.2014 00:03:20.187,1.47869,1.47669,2.9300,1.3900
10.01.2014 00:03:21.705,1.47868,1.47668,1.1300,1.9900
10.01.2014 00:03:22.992,1.47866,1.47666,2.8200,2.1400
10.01.2014 00:03:24.516,1.47864,1.47664,2.1600,1.3400
10.01.2014 00:03:25.816,1.47864,1.47664,2.1300,2.4900
10.01.2014 00:03:27.229,1.47863,1.47663,2.5700,2.1800
10.01.2014 00:03:28.577,1.47862,1.47662,1.0400,2.3000
10.01.2014 00:03:29.888,1.47862,1.47662,2.5700,2.7100
10.01.2014 00:03:31.122,1.47863,1.47663,1.9700,1.1700
10.01.2014 00:03:32.569,1.47864,1.47664,1.8200,1.9000
10.01.2014 00:03:33.867,1.47865,1.47665,2.6400,2.3500
10.01.2014 00:03:35.226,1.47865,1.47665,1.8800,1.9000
10.01.2014 00:03:36.581,1.47865,1.47665,1.8500,2.2700
10.01.2014 00:03:38.023,1.47864,1.47664,2.4300,1.3400
10.01.2014 00:03:39.241,1.47864,1.47664,2.3900,1.4300
10.01.2014 00:03:40.672,1.47864,1.47664,1.7600,1.7500
10.01.2014 00:03:42.127,1.47862,1.47662,1.4500,2.6600
10.01.2014 00:03:43.563,1.47863,1.47663,2.9300,1.2000
10.01.2014 00:03:44.771,1.47864,1.47664,1.3100,1.7100
10.01.2014 00:03:46.033,1.47863,1.47663,2.6600,1.6400
10.01.2014 00:03:47.497,1.47866,1.47666,2.7100,1.9300
10.01.2014 00:03:48.751,1.47866,1.47666,2.6100,2.9400
10.01.2014 00:03:50.150,1.47866,1.47666,1.0400,1.0700
10.01.2014 00:03:51.716,1.47865,1.47665,2.4300,1.1100
10.01.2014 00:03:52.998,1.47864,1.47664,1.8000,1.0100
10.01.2014 00:03:54.432,1.47867,1.47667,1.2200,1.5200
10.01.2014 00:03:55.837,1.47869,1.47669,1.9600,2.2400
10.01.2014 00:03:57.228,1.47868,1.47668,2.6000,2.8100
10.01.2014 00:03:58.649,1.47869,1.47669,2.8700,2.3300
10.01.2014 00:04:00.003,1.47870,1.47670,2.7000,1.6500
10.01.2014 00:04:01.588,1.47870,1.47670,1.5900,1.8700
10.01.2014 00:04:03.145,1.47870,1.47670,1.5300,2.7400
10.01.2014 00:04:04.563,1.47870,1.47670,1.2000,1.0100
10.01.2014 00:04:05.980,1.47871,1.47671,1.5900,2.0700
10.01.2014 00:04:07.599,1.47869,1.47669,2.7700,1.3400
10.01.2014 00:04:08.892,1.47871,1.47671,2.7900,2.7500
10.01.2014 00:04:10.206,1.47872,1.47672,1.1800,2.3800
10.01.2014 00:04:11.644,1.47871,1.47671,1.1000,2.3600
10.01.2014 00:04:13.039,1.47872,1.47672,1.6400,1.8300
10.01.2014 00:04:14.431,1.47869,1.47669,1.7900,2.8400
10.01.2014 00:04:15.847,1.47870,1.47670,1.0200,2.7300
10.01.2014 00:04:17.265,1.47871,1.47671,2.3800,2.5200
10.01.2014 00:04:18.794,1.47869,1.47669,2.5600,1.8500
10.01.2014 00:04:20.151,1.47870,1.47670,1.6800,2.8600
10.01.2014 00:04:21.570,1.47868,1.47668,2.2400,1.5300
10.01.2014 00:04:23.026,1.47871,1.47671,2.4800,1.0000
10.01.2014 00:04:24.330,1.47870,1.47670,2.2700,1.8200
10.01.2014 00:04:25.755,1.47871,1.47671,2.2000,1.0200
10.01.2014 00:04:27.257,1.47873,1.47673,1.5100,2.9400
10.01.2014 00:04:28.706,1.47873,1.47673,2.5000,1.4700
10.01.2014 00:04:30.075,1.47872,1.47672,2.3800,1.2400
10.01.2014 00:04:31.450,1.47872,1.47672,1.5600,2.7300
10.01.2014 00:04:32.906,1.47870,1.47670,1.0900,1.8700
10.01.2014 00:04:34.394,1.47868,1.47668,2.0400,2.0000
10.01.2014 00:04:35.771,1.47869,1.47669,2.5100,1.1400
10.01.2014 00:04:37.188,1.47868,1.47668,2.2200,2.0500
10.01.2014 00:04:38.478,1.47869,1.47669,1.7900,1.6300
10.01.2014 00:04:39.962,1.47870,1.47670,1.0500,2.6200
10.01.2014 00:04:41.435,1.47870,1.47670,2.2800,2.0100
10.01.2014 00:04:42.766,1.47870,1.47670,1.6400,1.2800
10.01.2014 00:04:44.113,1.47868,1.47668,2.4600,2.0000
10.01.2014 00:04:45.569,1.47870,1.47670,2.3500,1.5500
10.01.2014 00:04:46.869,1.47866,1.47666,1.2600,2.5600
10.01.2014 00:04:48.267,1.47861,1.47661,2.4500,1.8600
10.01.2014 00:04:49.695,1.47861,1.47661,1.0600,2.1100
10.01.2014 00:04:51.081,1.47857,1.47657,2.7400,1.7000
10.01.2014 00:04:52.470,1.47859,1.47659,1.3400,1.5900
10.01.2014 00:04:53.941,1.47860,1.47660,2.0500,1.5200
10.01.2014 00:04:55.458,1.47862,1.47662,1.6900,1.3100
10.01.2014 00:04:56.965,1.47862,1.47662,1.4200,2.3600
10.01.2014 00:04:58.274,1.47861,1.47661,2.0600,1.6400
10.01.2014 00:04:59.676,1.47861,1.47661,1.2000,2.8800
10.01.2014 00:05:01.305,1.47861,1.47661,1.7500,1.2000
10.01.2014 00:05:02.839,1.47858,1.47658,2.1000,2.6900
10.01.2014 00:05:04.360,1.47858,1.47658,1.1700,2.2400
10.01.2014 00:05:05.876,1.47857,1.47657,1.5500,1.5900
10.01.2014 00:05:07.377,1.47857,1.47657,2.6100,1.9100
10.01.2014 00:05:08.913,1.47856,1.47656,1.9300,1.6300
10.01.2014 00:05:10.268,1.47855,1.47655,2.2300,2.3200
10.01.2014 00:05:11.884,1.47858,1.47658,2.2000,2.2300
10.01.2014 00:05:13.230,1.47858,1.47658,1.1300,1.2600
10.01.2014 00:05:14.712,1.47857,1.47657,2.2400,2.5000
10.01.2014 00:05:16.039,1.47859,1.47659,1.1400,1.5000
10.01.2014 00:05:17.504,1.47859,1.47659,1.3500,2.7600
10.01.2014 00:05:18.934,1.47859,1.47659,1.0200,2.7100
10.01.2014 00:05:20.363,1.47861,1.47661,2.4300,1.2700
10.01.2014 00:05:21.743,1.47863,1.47663,2.6800,2.8200
10.01.2014 00:05:23.168,1.47865,1.47665,2.3000,1.7000
10.01.2014 00:05:24.417,1.47865,1.47665,2.7200,2.9100
10.01.2014 00:05:25.987,1.47866,1.47666,2.6900,2.0700
10.01.2014 00:05:27.360,1.47865,1.47665,1.9400,2.8400
10.01.2014 00:05:28.756,1.47863,1.47663,1.6700,1.1100
10.01.2014 00:05:30.060,1.47861,1.47661,2.3200,1.5800
10.01.2014 00:05:31.585,1.47863,1.47663,1.0800,2.0500
10.01.2014 00:05:33.093,1.47863,1.47663,2.5800,2.9300
10.01.2014 00:05:34.547,1.47861,1.47661,2.6400,2.3200
10.01.2014 00:05:35.865,1.47860,1.47660,1.9200,1.6600
10.01.2014 00:05:37.274,1.47860,1.47660,1.7700,1.8000
10.01.2014 00:05:38.807,1.47860,1.47660,2.4100,2.2800
10.01.2014 00:05:40.150,1.47860,1.47660,2.5000,1.3800
10.01.2014 00:05:41.439,1.47859,1.47659,1.7100,1.8400
10.01.2014 00:05:42.842,1.47859,1.47659,1.2400,2.7000
10.01.2014 00:05:44.115,1.47859,1.47659,2.8400,1.6100
10.01.2014 00:05:45.220,1.47859,1.47659,2.6800,1.3500
10.01.2014 00:05:46.648,1.47857,1.47657,2.5400,1.8200
10.01.2014 00:05:48.291,1.47857,1.47657,1.9900,2.7100
10.01.2014 00:05:49.800,1.47857,1.47657,1.1600,1.0600
10.01.2014 00:05:51.195,1.47857,1.47657,1.2400,1.2700
10.01.2014 00:05:52.562,1.47859,1.47659,1.2300,1.9400
10.01.2014 00:05:53.990,1.47860,1.47660,1.2000,1.3500
10.01.2014 00:05:55.497,1.47860,1.47660,2.6100,2.1900
10.01.2014 00:05:56.875,1.47859,1.47659,1.7300,1.9900
10.01.2014 00:05:58.299,1.47862,1.47662,2.2900,1.2700
10.01.2014 00:05:59.521,1.47861,1.47661,2.0600,1.0500
10.01.2014 00:06:00.923,1.47860,1.47660,2.4900,2.4700
10.01.2014 00:06:02.248,1.47860,1.47660,2.5700,2.4200
10.01.2014 00:06:03.679,1.47859,1.47659,2.5600,1.1700
10.01.2014 00:06:05.038,1.47858,1.47658,2.7500,2.3100
10.01.2014 00:06:06.297,1.47857,1.47657,2.3100,1.8500
10.01.2014 00:06:07.699,1.47856,1.47656,2.3500,2.8700
10.01.2014 00:06:09.010,1.47857,1.47657,2.1900,1.6700
10.01.2014 00:06:10.431,1.47854,1.47654,1.1100,1.6600
10.01.2014 00:06:11.716,1.47852,1.47652,2.0600,1.3500
10.01.2014 00:06:13.080,1.47855,1.47655,1.5000,2.2900
10.01.2014 00:06:14.588,1.47854,1.47654,1.5800,1.5100
10.01.2014 00:06:15.925,1.47852,1.47652,2.9400,2.7500
10.01.2014 00:06:17.210,1.47851,1.47651,1.1800,2.7200
10.01.2014 00:06:18.611,1.47852,1.47652,2.2500,2.0300
10.01.2014 00:06:20.003,1.47851,1.47651,2.5000,2.1400
10.01.2014 00:06:21.457,1.47854,1.47654,2.4100,1.3000
10.01.2014 00:06:22.791,1.47855,1.47655,2.2300,1.5000
10.01.2014 00:06:24.205,1.47858,1.47658,2.8400,2.8500
10.01.2014 00:06:25.572,1.47858,1.47658,1.2100,2.6800
10.01.2014 00:06:27.052,1.47856,1.47656,2.2900,1.7500
10.01.2014 00:06:28.406,1.47856,1.47656,1.5300,2.5400
10.01.2014 00:06:29.744,1.47854,1.47654,2.4500,2.8900
10.01.2014 00:06:31.119,1.47852,1.47652,1.1600,2.1700
10.01.2014 00:06:32.367,1.47852,1.47652,1.0700,1.8800
10.01.2014 00:06:33.677,1.47850,1.47650,1.0600,1.6600
10.01.2014 00:06:34.976,1.47851,1.47651,1.8400,1.5300
10.01.2014 00:06:36.412,1.47854,1.47654,1.5900,1.9800
10.01.2014 00:06:37.958,1.47854,1.47654,1.4500,2.4100
10.01.2014 00:06:39.262,1.47855,1.47655,2.2300,2.3300
10.01.2014 00:06:40.632,1.47854,1.47654,1.8000,2.7700
10.01.2014 00:06:41.965,1.47852,1.47652,2.5700,1.1400
10.01.2014 00:06:43.301,1.47851,1.47651,2.2100,1.7300
10.01.2014 00:06:44.635,1.47849,1.47649,2.0500,2.3600
10.01.2014 00:06:46.194,1.47848,1.47648,2.6500,2.2300
10.01.2014 00:06:47.553,1.47849,1.47649,2.9300,2.0300
10.01.2014 00:06:49.062,1.47849,1.47649,1.7100,2.3900
10.01.2014 00:06:50.498,1.47852,1.47652,1.1100,1.7900
10.01.2014 00:06:52.091,1.47854,1.47654,1.7700,1.6200
10.01.2014 00:06:53.339,1.47853,1.47653,1.1100,1.2700
10.01.2014 00:06:54.765,1.47854,1.47654,1.7000,1.9100
10.01.2014 00:06:56.139,1.47853,1.47653,1.3800,1.0100
10.01.2014 00:06:57.678,1.47850,1.47650,1.2600,1.3600
10.01.2014 00:06:59.027,1.47852,1.47652,1.3000,1.7400
10.01.2014 00:07:00.349,1.47852,1.47652,2.6000,2.4800
10.01.2014 00:07:01.673,1.47854,1.47654,2.0800,1.4100
10.01.2014 00:07:02.979,1.47853,1.47653,1.5400,2.8200
10.01.2014 00:07:04.359,1.47849,1.47649,2.3700,1.8600
10.01.2014 00:07:05.740,1.47850,1.47650,1.0100,1.1100
10.01.2014 00:07:07.165,1.47852,1.47652,2.6000,1.3900
10.01.2014 00:07:08.666,1.47854,1.47654,1.9800,2.6700
10.01.2014 00:07:10.127,1.47853,1.47653,1.2700,1.7200
10.01.2014 00:07:11.436,1.47850,1.47650,2.4100,2.4600
10.01.2014 00:07:12.737,1.47848,1.47648,2.4300,1.4100
10.01.2014 00:07:14.099,1.47847,1.47647,1.2300,1.4400
10.01.2014 00:07:15.435,1.47844,1.47644,1.6400,2.4200
10.01.2014 00:07:16.789,1.47847,1.47647,2.3100,2.5100
10.01.2014 00:07:18.277,1.47848,1.47648,1.6000,2.3800
10.01.2014 00:07:19.581,1.47848,1.47648,2.7000,1.1100
10.01.2014 00:07:21.067,1.47850,1.47650,2.0000,2.3500
10.01.2014 00:07:22.383,1.47852,1.47652,1.6800,2.3600
10.01.2014 00:07:23.890,1.47856,1.47656,1.0500,1.3000
10.01.2014 00:07:25.318,1.47857,1.47657,1.6400,2.2800
10.01.2014 00:07:26.637,1.47857,1.47657,2.2200,2.9200
10.01.2014 00:07:28.018,1.47858,1.47658,1.6900,2.1500
10.01.2014 00:07:29.351,1.47855,1.47655,1.8100,1.6900
10.01.2014 00:07:30.874,1.47856,1.47656,1.2100,1.2100
10.01.2014 00:07:32.353,1.47857,1.47657,2.2900,2.3100
10.01.2014 00:07:33.986,1.47854,1.47654,1.6500,1.5700
10.01.2014 00:07:35.363,1.47852,1.47652,1.9300,2.6700
10.01.2014 00:07:36.932,1.47851,1.47651,1.5700,2.3100
10.01.2014 00:07:38.245,1.47851,1.47651,2.5800,1.2500
10.01.2014 00:07:39.615,1.47852,1.47652,2.7800,2.0900
10.01.2014 00:07:40.998,1.47849,1.47649,1.8400,2.9800
10.01.2014 00:07:42.456,1.47848,1.47648,2.7200,1.1400
10.01.2014 00:07:43.781,1.47850,1.47650,1.4300,2.7800
10.01.2014 00:07:45.220,1.47849,1.47649,1.3900,1.0500
10.01.2014 00:07:46.612,1.47849,1.47649,1.5200,1.7100
10.01.2014 00:07:48.189,1.47848,1.47648,2.0300,2.4900
10.01.2014 00:07:49.555,1.47848,1.47648,1.2600,1.8900
10.01.2014 00:07:51.173,1.47848,1.47648,2.7300,2.2200
10.01.2014 00:07:52.589,1.47847,1.47647,1.9600,2.9800
10.01.2014 00:07:54.063,1.47849,1.47649,1.1300,2.1200
10.01.2014 00:07:55.438,1.47850,1.47650,2.4400,1.5100
10.01.2014 00:07:56.794,1.47849,1.47649,2.2600,2.6400
10.01.2014 00:07:58.140,1.47848,1.47648,2.4400,2.3800
10.01.2014 00:07:59.595,1.47848,1.47648,2.7400,2.6000
10.01.2014 00:08:00.955,1.47848,1.47648,1.3700,1.0700
10.01.2014 00:08:02.499,1.47847,1.47647,2.2300,1.0600
10.01.2014 00:08:04.007,1.47849,1.47649,1.6600,1.4600
10.01.2014 00:08:05.489,1.47852,1.47652,1.8700,2.8400
10.01.2014 00:08:06.860,1.47850,1.47650,1.3800,1.2100
10.01.2014 00:08:08.358,1.47849,1.47649,2.3500,2.8000
10.01.2014 00:08:09.648,1.47849,1.47649,1.3800,2.4100
10.01.2014 00:08:11.104,1.47850,1.47650,2.5700,1.5200
10.01.2014 00:08:12.331,1.47853,1.47653,1.2400,1.0100
10.01.2014 00:08:13.826,1.47856,1.47656,1.0600,1.4800
10.01.2014 00:08:15.259,1.47859,1.47659,2.4700,1.7700
10.01.2014 00:08:16.559,1.47858,1.47658,2.8700,1.6100
10.01.2014 00:08:18.035,1.47859,1.47659,1.6800,1.8400
10.01.2014 00:08:19.567,1.47857,1.47657,1.1600,1.8100
10.01.2014 00:08:21.064,1.47856,1.47656,1.4500,1.2100
10.01.2014 00:08:22.459,1.47855,1.47655,2.4600,1.0800
10.01.2014 00:08:23.784,1.47856,1.47656,2.3100,2.9600
10.01.2014 00:08:25.213,1.47856,1.47656,2.2600,2.8600
10.01.2014 00:08:26.733,1.47858,1.47658,2.4600,1.3800
10.01.2014 00:08:28.093,1.47858,1.47658,1.2900,1.1200
10.01.2014 00:08:29.517,1.47858,1.47658,1.2100,1.8800
10.01.2014 00:08:30.849,1.47858,1.47658,2.7500,1.1800
10.01.2014 00:08:32.189,1.47855,1.47655,1.2300,1.1200
10.01.2014 00:08:33.582,1.47856,1.47656,2.3900,1.0800
10.01.2014 00:08:34.939,1.47855,1.47655,2.3000,1.2500
10.01.2014 00:08:36.385,1.47853,1.47653,1.9300,2.8300
10.01.2014 00:08:37.779,1.47855,1.47655,1.1700,2.7900
10.01.2014 00:08:39.245,1.47854,1.47654,1.3500,1.4900
10.01.2014 00:08:40.594,1.47855,1.47655,1.4800,2.6000
10.01.2014 00:08:41.970,1.47855,1.47655,1.9100,2.2900
10.01.2014 00:08:43.384,1.47853,1.47653,1.2500,1.8800
10.01.2014 00:08:44.615,1.47855,1.47655,1.0200,2.9300
10.01.2014 00:08:45.994,1.47855,1.47655,2.2500,2.6100
10.01.2014 00:08:47.338,1.47856,1.47656,1.4800,1.2100
10.01.2014 00:08:48.810,1.47852,1.47652,1.1400,2.5400
10.01.2014 00:08:50.278,1.47852,1.47652,2.4300,1.1300
10.01.2014 00:08:51.579,1.47854,1.47654,2.1700,1.1700
10.01.2014 00:08:52.996,1.47855,1.47655,1.9800,2.8900
10.01.2014 00:08:54.543,1.47855,1.47655,2.0900,1.1700
10.01.2014 00:08:56.062,1.47855,1.47655,2.4000,1.9800
10.01.2014 00:08:57.530,1.47854,1.47654,2.9900,1.3500
10.01.2014 00:08:58.858,1.47851,1.47651,2.9700,2.9500
10.01.2014 00:09:00.293,1.47850,1.47650,1.5800,2.6700
10.01.2014 00:09:01.785,1.47851,1.47651,2.4300,2.9900
10.01.2014 00:09:03.195,1.47853,1.47653,2.8900,1.4200
10.01.2014 00:09:04.543,1.47854,1.47654,1.4700,1.3000
10.01.2014 00:09:05.969,1.47853,1.47653,1.6300,1.8800
10.01.2014 00:09:07.543,1.47854,1.47654,2.9600,2.5500
10.01.2014 00:09:09.074,1.47853,1.47653,1.2600,1.9600
10.01.2014 00:09:10.536,1.47855,1.47655,1.0400,2.3100
10.01.2014 00:09:12.011,1.47855,1.47655,2.8700,2.7000
10.01.2014 00:09:13.386,1.47853,1.47653,2.8700,2.7900
10.01.2014 00:09:14.708,1.47854,1.47654,2.5600,2.5400
10.01.2014 00:09:15.906,1.47852,1.47652,2.1700,1.0300
10.01.2014 00:09:17.381,1.47853,1.47653,1.1400,2.3800
10.01.2014 00:09:18.842,1.47850,1.47650,1.2700,2.9500
10.01.2014 00:09:20.295,1.47851,1.47651,1.7300,1.6000
10.01.2014 00:09:21.663,1.47850,1.47650,1.3300,2.3200
10.01.2014 00:09:23.087,1.47844,1.47644,1.8400,1.8600
10.01.2014 00:09:24.364,1.47843,1.47643,1.5800,1.1700
10.01.2014 00:09:25.932,1.47843,1.47643,1.2100,2.5800
10.01.2014 00:09:27.409,1.47843,1.47643,2.8100,2.6100
10.01.2014 00:09:28.934,1.47843,1.47643,2.1800,2.7800
10.01.2014 00:09:30.473,1.47841,1.47641,1.5900,2.3500
10.01.2014 00:09:31.965,1.47842,1.47642,2.7300,2.2000
10.01.2014 00:09:33.453,1.47840,1.47640,1.9600,2.5600
10.01.2014 00:09:34.681,1.47841,1.47641,2.2800,2.6500
10.01.2014 00:09:36.116,1.47837,1.47637,3.0000,1.4300
10.01.2014 00:09:37.659,1.47837,1.47637,1.7300,1.8300
10.01.2014 00:09:38.910,1.47840,1.47640,2.7400,2.7800
10.01.2014 00:09:40.072,1.47841,1.47641,2.6300,1.1200
10.01.2014 00:09:41.557,1.47842,1.47642,1.7400,2.8900
10.01.2014 00:09:42.861,1.47843,1.47643,1.0300,1.6100
10.01.2014 00:09:44.362,1.47844,1.47644,2.5200,2.7100
10.01.2014 00:09:45.899,1.47847,1.47647,1.7500,1.4500
10.01.2014 00:09:47.314,1.47847,1.47647,2.9600,2.8600
10.01.2014 00:09:48.634,1.47845,1.47645,2.3400,1.1900
10.01.2014 00:09:50.002,1.47843,1.47643,2.0400,2.7800
10.01.2014 00:09:51.295,1.47842,1.47642,1.7600,1.7400
10.01.2014 00:09:52.476,1.47840,1.47640,2.7800,1.9500
10.01.2014 00:09:53.956,1.47841,1.47641,1.0600,2.1400
10.01.2014 00:09:55.384,1.47840,1.47640,2.2500,2.5500
10.01.2014 00:09:56.744,1.47840,1.47640,2.4600,1.6900
10.01.2014 00:09:58.107,1.47839,1.47639,1.5500,1.7600
10.01.2014 00:09:59.526,1.47842,1.47642,2.6700,2.6500
10.01.2014 00:10:01.022,1.47839,1.47639,2.6200,2.2600
10.01.2014 00:10:02.523,1.47836,1.47636,2.3500,1.4800
10.01.2014 00:10:03.889,1.47835,1.47635,2.6800,2.3700
10.01.2014 00:10:05.134,1.47834,1.47634,2.0400,1.3700
10.01.2014 00:10:06.484,1.47834,1.47634,2.9500,2.0300
10.01.2014 00:10:07.790,1.47833,1.47633,1.2900,2.5400
10.01.2014 00:10:09.117,1.47832,1.47632,1.3100,1.8300
10.01.2014 00:10:10.478,1.47831,1.47631,1.8200,2.7000
10.01.2014 00:10:11.677,1.47830,1.47630,1.5800,2.2300
10.01.2014 00:10:13.154,1.47830,1.47630,1.0800,2.6600
10.01.2014 00:10:14.456,1.47832,1.47632,2.4800,1.4700
10.01.2014 00:10:15.971,1.47833,1.47633,2.8600,2.2900
10.01.2014 00:10:17.478,1.47834,1.47634,2.1700,1.1200
10.01.2014 00:10:19.039,1.47834,1.47634,1.9100,2.9400
10.01.2014 00:10:20.525,1.47834,1.47634,1.3100,1.1100
10.01.2014 00:10:21.832,1.47834,1.47634,2.6300,2.7400
10.01.2014 00:10:23.067,1.47834,1.47634,2.8400,2.1400
10.01.2014 00:10:24.542,1.47834,1.47634,1.4000,1.9400
10.01.2014 00:10:25.977,1.47835,1.47635,2.6100,1.2100
10.01.2014 00:10:27.300,1.47837,1.47637,1.7600,1.1300
10.01.2014 00:10:28.875,1.47837,1.47637,1.7300,1.1400
10.01.2014 00:10:30.371,1.47836,1.47636,2.1100,1.0500
10.01.2014 00:10:31.780,1.47837,1.47637,2.3900,2.5600
10.01.2014 00:10:33.274,1.47838,1.47638,2.3200,2.3800
10.01.2014 00:10:34.701,1.47837,1.47637,1.3100,2.9600
10.01.2014 00:10:36.196,1.47835,1.47635,2.5900,2.6400
10.01.2014 00:10:37.503,1.47835,1.47635,2.9600,1.6200
10.01.2014 00:10:38.811,1.47834,1.47634,1.5700,1.6200
10.01.2014 00:10:39.979,1.47835,1.47635,2.0700,2.4200
10.01.2014 00:10:41.360,1.47834,1.47634,2.3200,1.3200
10.01.2014 00:10:42.707,1.47835,1.47635,2.4100,2.7100
10.01.2014 00:10:43.996,1.47834,1.47634,1.2200,2.0000
10.01.2014 00:10:45.236,1.47832,1.47632,2.4900,1.3800
10.01.2014 00:10:46.425,1.47831,1.47631,1.9600,1.2800
10.01.2014 00:10:47.809,1.47831,1.47631,1.6200,2.6300
10.01.2014 00:10:49.305,1.47831,1.47631,2.0100,2.1400
10.01.2014 00:10:50.756,1.47831,1.47631,1.0100,1.7100
10.01.2014 00:10:52.123,1.47834,1.47634,1.2500,1.1400
10.01.2014 00:10:53.324,1.47835,1.47635,2.5600,1.8700
10.01.2014 00:10:54.784,1.47831,1.47631,2.7300,2.9200
10.01.2014 00:10:56.155,1.47832,1.47632,2.9300,2.1200
10.01.2014 00:10:57.364,1.47833,1.47633,1.9900,1.8200
10.01.2014 00:10:58.768,1.47831,1.47631,2.4400,2.9300
10.01.2014 00:11:00.240,1.47830,1.47630,1.9000,2.5900
10.01.2014 00:11:01.619,1.47828,1.47628,1.7900,2.5800
10.01.2014 00:11:02.880,1.47829,1.47629,2.0400,1.4700
10.01.2014 00:11:04.452,1.47827,1.47627,1.4800,2.4100
10.01.2014 00:11:05.840,1.47827,1.47627,1.4900,2.7200
10.01.2014 00:11:07.266,1.47827,1.47627,2.4700,2.7100
10.01.2014 00:11:08.632,1.47826,1.47626,2.0700,1.1300
10.01.2014 00:11:09.983,1.47826,1.47626,2.6000,2.9000
10.01.2014 00:11:11.408,1.47827,1.47627,2.2600,1.8500
10.01.2014 00:11:12.818,1.47829,1.47629,1.4300,2.9500
10.01.2014 00:11:14.330,1.47830,1.47630,2.3300,2.4900
10.01.2014 00:11:15.864,1.47830,1.47630,1.3000,2.4000
10.01.2014 00:11:17.336,1.47830,1.47630,1.1300,2.3900
10.01.2014 00:11:18.726,1.47832,1.47632,2.9800,2.9700
10.01.2014 00:11:20.184,1.47830,1.47630,1.3700,1.9500
10.01.2014 00:11:21.658,1.47830,1.47630,2.2200,1.2000
10.01.2014 00:11:23.063,1.47829,1.47629,1.4500,2.2600
10.01.2014 00:11:24.447,1.47828,1.47628,2.1000,1.0800
10.01.2014 00:11:25.823,1.47826,1.47626,2.3900,2.1300
10.01.2014 00:11:27.211,1.47828,1.47628,1.3000,1.3900
10.01.2014 00:11:28.714,1.47830,1.47630,1.3000,2.7900
10.01.2014 00:11:30.340,1.47833,1.47633,1.6600,1.8000
10.01.2014 00:11:31.902,1.47832,1.47632,2.5000,2.5000
10.01.2014 00:11:33.255,1.47832,1.47632,2.3200,2.7700
10.01.2014 00:11:34.500,1.47834,1.47634,2.5300,1.5300
10.01.2014 00:11:35.839,1.47836,1.47636,2.7100,2.0600
10.01.2014 00:11:37.338,1.47835,1.47635,2.8000,2.0300
10.01.2014 00:11:38.623,1.47836,1.47636,1.8200,1.3400
10.01.2014 00:11:40.065,1.47836,1.47636,2.1200,1.5400
10.01.2014 00:11:41.425,1.47836,1.47636,2.3600,1.1200
10.01.2014 00:11:42.623,1.47836,1.47636,1.9100,1.9800
10.01.2014 00:11:43.947,1.47840,1.47640,1.9100,2.5600
10.01.2014 00:11:45.290,1.47839,1.47639,1.1100,1.1400
10.01.2014 00:11:46.721,1.47841,1.47641,2.4300,1.8100
10.01.2014 00:11:48.220,1.47840,1.47640,2.4300,2.9800
10.01.2014 00:11:49.710,1.47840,1.47640,2.2500,2.8700
10.01.2014 00:11:50.948,1.47839,1.47639,2.8000,2.5300
10.01.2014 00:11:52.452,1.47841,1.47641,2.4100,2.3600
10.01.2014 00:11:53.965,1.47841,1.47641,2.0000,2.0300
10.01.2014 00:11:55.358,1.47840,1.47640,1.1700,1.9100
10.01.2014 00:11:56.731,1.47840,1.47640,2.7500,1.7400
10.01.2014 00:11:58.228,1.47841,1.47641,1.7300,1.6600
10.01.2014 00:11:59.574,1.47839,1.47639,1.6700,2.4000
10.01.2014 00:12:00.813,1.47836,1.47636,2.2800,1.0500
10.01.2014 00:12:02.127,1.47836,1.47636,1.4500,2.2800
10.01.2014 00:12:03.458,1.47835,1.47635,2.6100,1.4300
10.01.2014 00:12:04.818,1.47836,1.47636,1.9600,1.6800
10.01.2014 00:12:06.282,1.47835,1.47635,1.3800,1.0100
10.01.2014 00:12:07.672,1.47835,1.47635,1.2600,2.2300
10.01.2014 00:12:09.252,1.47833,1.47633,2.7900,1.2300
10.01.2014 00:12:10.659,1.47834,1.47634,1.5200,2.3000
10.01.2014 00:12:12.032,1.47835,1.47635,1.3300,2.6700
10.01.2014 00:12:13.467,1.47833,1.47633,2.5800,2.3200
10.01.2014 00:12:14.944,1.47834,1.47634,1.0100,2.7000
10.01.2014 00:12:16.440,1.47835,1.47635,2.9100,2.5200
10.01.2014 00:12:17.742,1.47834,1.47634,2.4900,1.4000
10.01.2014 00:12:19.123,1.47838,1.47638,1.9700,2.3100
10.01.2014 00:12:20.585,1.47838,1.47638,1.1200,2.3900
10.01.2014 00:12:22.093,1.47838,1.47638,1.0300,1.2300
10.01.2014 00:12:23.608,1.47838,1.47638,1.0800,2.7000
10.01.2014 00:12:25.009,1.47839,1.47639,1.6200,1.9900
10.01.2014 00:12:26.430,1.47839,1.47639,2.3800,1.2500
10.01.2014 00:12:27.773,1.47838,1.47638,1.9300,1.5900
10.01.2014 00:12:28.951,1.47839,1.47639,1.9500,1.0200
10.01.2014 00:12:30.272,1.47838,1.47638,2.7700,2.3200
10.01.2014 00:12:31.469,1.47837,1.47637,2.0800,2.3200
10.01.2014 00:12:33.060,1.47837,1.47637,2.7900,1.4800
10.01.2014 00:12:34.612,1.47837,1.47637,1.5100,1.0200
10.01.2014 00:12:36.083,1.47839,1.47639,2.6600,2.6100
10.01.2014 00:12:37.512,1.47840,1.47640,1.8800,2.4300
10.01.2014 00:12:38.872,1.47841,1.47641,2.0300,2.6500
10.01.2014 00:12:40.319,1.47843,1.47643,2.7100,1.7500
10.01.2014 00:12:41.837,1.47843,1.47643,1.6100,1.9900
10.01.2014 00:12:43.183,1.47845,1.47645,2.9100,2.9800
10.01.2014 00:12:44.772,1.47845,1.47645,2.0700,1.5400
10.01.2014 00:12:46.286,1.47842,1.47642,2.6400,1.9200
10.01.2014 00:12:47.802,1.47844,1.47644,2.8400,2.8600
10.01.2014 00:12:49.176,1.47846,1.47646,1.3500,2.9600
10.01.2014 00:12:50.594,1.47846,1.47646,1.9600,2.6900
10.01.2014 00:12:51.919,1.47847,1.47647,1.4400,1.7500
10.01.2014 00:12:53.336,1.47845,1.47645,2.8600,1.0100
10.01.2014 00:12:54.610,1.47844,1.47644,1.7100,2.4100
10.01.2014 00:12:55.925,1.47844,1.47644,2.3400,2.2300
10.01.2014 00:12:57.526,1.47844,1.47644,2.5800,2.7300
10.01.2014 00:12:58.838,1.47846,1.47646,1.5200,1.6900
10.01.2014 00:13:00.358,1.47846,1.47646,2.7700,2.5800
10.01.2014 00:13:01.835,1.47846,1.47646,1.6900,1.7100
10.01.2014 00:13:03.346,1.47846,1.47646,1.1500,1.7000
10.01.2014 00:13:04.637,1.47844,1.47644,2.6600,2.9200
10.01.2014 00:13:05.914,1.47844,1.47644,2.9700,2.5400
10.01.2014 00:13:07.160,1.47841,1.47641,1.8600,1.6700
10.01.2014 00:13:08.642,1.47840,1.47640,1.0600,2.3100
10.01.2014 00:13:09.915,1.47841,1.47641,1.8200,1.9400
10.01.2014 00:13:11.323,1.47843,1.47643,1.3100,2.2000
10.01.2014 00:13:12.862,1.47841,1.47641,2.6900,2.8100
10.01.2014 00:13:14.376,1.47841,1.47641,2.8500,1.6000
10.01.2014 00:13:15.813,1.47843,1.47643,2.7000,2.5700
10.01.2014 00:13:17.223,1.47845,1.47645,1.8800,2.6400
10.01.2014 00:13:18.569,1.47847,1.47647,1.2500,2.1900
10.01.2014 00:13:19.971,1.47849,1.47649,1.2700,2.9500
10.01.2014 00:13:21.239,1.47851,1.47651,2.4300,1.5400
10.01.2014 00:13:22.600,1.47852,1.47652,2.2000,1.8500
10.01.2014 00:13:24.137,1.47852,1.47652,1.4500,1.7400
10.01.2014 00:13:25.453,1.47850,1.47650,2.4700,2.8100
10.01.2014 00:13:26.685,1.47851,1.47651,1.8700,1.0400
10.01.2014 00:13:28.117,1.47854,1.47654,1.9400,2.3200
10.01.2014 00:13:29.675,1.47852,1.47652,2.1300,1.7400
10.01.2014 00:13:31.226,1.47852,1.47652,1.8000,2.0000
10.01.2014 00:13:32.675,1.47853,1.47653,2.9400,2.0900
10.01.2014 00:13:34.037,1.47851,1.47651,1.1200,2.6000
10.01.2014 00:13:35.474,1.47851,1.47651,2.5200,2.5100
10.01.2014 00:13:36.912,1.47850,1.47650,1.5400,2.8300
10.01.2014 00:13:38.301,1.47849,1.47649,2.7200,2.0500
10.01.2014 00:13:39.742,1.47848,1.47648,2.4400,1.6200
10.01.2014 00:13:41.090,1.47845,1.47645,1.1800,1.8600
10.01.2014 00:13:42.494,1.47845,1.47645,1.5800,1.2700
10.01.2014 00:13:43.927,1.47845,1.47645,1.7300,1.3900
10.01.2014 00:13:45.409,1.47845,1.47645,2.5300,1.6100
10.01.2014 00:13:46.775,1.47845,1.47645,2.8200,2.4000
10.01.2014 00:13:48.091,1.47844,1.47644,2.0900,1.3700
10.01.2014 00:13:49.327,1.47844,1.47644,2.4300,2.9600
10.01.2014 00:13:50.694,1.47846,1.47646,1.0600,2.4700
10.01.2014 00:13:52.210,1.47844,1.47644,2.0700,2.4300
10.01.2014 00:13:53.585,1.47845,1.47645,2.6100,2.6300
10.01.2014 00:13:55.013,1.47844,1.47644,2.4800,2.2300
10.01.2014 00:13:56.365,1.47844,1.47644,2.1200,2.3500
10.01.2014 00:13:57.619,1.47845,1.47645,1.4900,1.2500
10.01.2014 00:13:58.925,1.47844,1.47644,1.9000,2.7900
10.01.2014 00:14:00.416,1.47842,1.47642,1.6800,1.8200
10.01.2014 00:14:01.904,1.47842,1.47642,2.0600,2.3000
10.01.2014 00:14:03.233,1.47843,1.47643,1.5800,1.2500
10.01.2014 00:14:04.659,1.47843,1.47643,1.2800,2.6300
10.01.2014 00:14:05.857,1.47842,1.47642,1.1100,2.3000
10.01.2014 00:14:07.263,1.47841,1.47641,2.9600,1.3900
10.01.2014 00:14:08.753,1.47841,1.47641,2.0400,1.9500
10.01.2014 00:14:10.050,1.47839,1.47639,2.9900,2.6300
10.01.2014 00:14:11.395,1.47835,1.47635,2.5200,2.7300
10.01.2014 00:14:12.845,1.47833,1.47633,1.6800,1.2500
10.01.2014 00:14:14.108,1.47830,1.47630,2.7500,2.2300
10.01.2014 00:14:15.397,1.47828,1.47628,1.7100,2.5300
10.01.2014 00:14:16.874,1.47828,1.47628,2.0200,2.8400
10.01.2014 00:14:18.221,1.47832,1.47632,2.6400,2.5800
10.01.2014 00:14:19.665,1.47832,1.47632,2.5700,2.2100
10.01.2014 00:14:21.053,1.47832,1.47632,1.3600,1.1400
10.01.2014 00:14:22.336,1.47835,1.47635,1.4800,2.4200
10.01.2014 00:14:23.614,1.47832,1.47632,1.1500,2.6700
10.01.2014 00:14:25.175,1.47833,1.47633,2.9600,2.2500
10.01.2014 00:14:26.631,1.47832,1.47632,2.9300,1.4000
10.01.2014 00:14:28.208,1.47830,1.47630,2.3900,2.2000
10.01.2014 00:14:29.685,1.47833,1.47633,2.3100,1.9400
10.01.2014 00:14:31.158,1.47832,1.47632,1.4000,2.0000
10.01.2014 00:14:32.593,1.47832,1.47632,1.8100,1.0600
10.01.2014 00:14:33.991,1.47837,1.47637,2.4000,2.0600
10.01.2014 00:14:35.656,1.47833,1.47633,1.0100,2.8900
10.01.2014 00:14:37.026,1.47834,1.47634,2.5000,2.9100
10.01.2014 00:14:38.561,1.47834,1.47634,1.7100,1.0600
10.01.2014 00:14:40.030,1.47831,1.47631,2.7500,1.2800
10.01.2014 00:14:41.623,1.47830,1.47630,2.3600,1.5500
10.01.2014 00:14:42.886,1.47831,1.47631,1.2400,1.2000
10.01.2014 00:14:44.215,1.47831,1.47631,1.8000,1.8700
10.01.2014 00:14:45.628,1.47831,1.47631,2.7500,2.1100
10.01.2014 00:14:46.948,1.47830,1.47630,1.0400,2.4700
10.01.2014 00:14:48.435,1.47829,1.47629,1.7400,1.0700
10.01.2014 00:14:49.659,1.47827,1.47627,1.8900,1.8000
10.01.2014 00:14:50.970,1.47827,1.47627,2.3500,1.8600
10.01.2014 00:14:52.199,1.47825,1.47625,2.5100,2.9600
10.01.2014 00:14:53.423,1.47827,1.47627,2.2600,2.9800
10.01.2014 00:14:54.766,1.47824,1.47624,2.7200,2.0500
10.01.2014 00:14:56.174,1.47824,1.47624,2.3800,2.5200
10.01.2014 00:14:57.493,1.47825,1.47625,2.6400,2.2800
10.01.2014 00:14:58.915,1.47824,1.47624,1.5100,2.3300
10.01.2014 00:15:00.245,1.47825,1.47625,1.8300,2.3900
10.01.2014 00:15:01.704,1.47825,1.47625,1.7600,1.3200
10.01.2014 00:15:03.163,1.47825,1.47625,1.9100,1.0600
10.01.2014 00:15:04.586,1.47828,1.47628,1.1500,2.6200
10.01.2014 00:15:05.952,1.47828,1.47628,1.8600,2.1500
10.01.2014 00:15:07.284,1.47829,1.47629,2.3300,2.0400
10.01.2014 00:15:08.687,1.47828,1.47628,1.5900,2.4800
10.01.2014 00:15:10.301,1.47830,1.47630,1.7300,1.4400
10.01.2014 00:15:11.766,1.47830,1.47630,1.2200,1.7700
10.01.2014 00:15:13.159,1.47831,1.47631,2.8500,1.9800
10.01.2014 00:15:14.349,1.47830,1.47630,1.7200,2.8300
10.01.2014 00:15:15.659,1.47831,1.47631,2.0000,1.3100
10.01.2014 00:15:16.956,1.47829,1.47629,2.5100,2.8000
10.01.2014 00:15:18.440,1.47830,1.47630,1.0300,2.6800
10.01.2014 00:15:19.853,1.47830,1.47630,2.1000,2.5100
10.01.2014 00:15:21.524,1.47830,1.47630,1.1300,2.3000
10.01.2014 00:15:22.839,1.47829,1.47629,1.7400,1.5900
10.01.2014 00:15:24.249,1.47828,1.47628,1.7200,2.6400
10.01.2014 00:15:25.635,1.47825,1.47625,1.3100,2.6600
10.01.2014 00:15:27.145,1.47824,1.47624,1.4300,2.0600
10.01.2014 00:15:28.510,1.47823,1.47623,1.1400,1.8100
10.01.2014 00:15:29.957,1.47825,1.47625,2.2400,2.6100
10.01.2014 00:15:31.591,1.47828,1.47628,1.7800,2.4400
10.01.2014 00:15:32.880,1.47829,1.47629,1.0100,1.7200
10.01.2014 00:15:34.224,1.47827,1.47627,1.3200,1.7500
10.01.2014 00:15:35.462,1.47825,1.47625,1.5400,2.4600
10.01.2014 00:15:36.854,1.47826,1.47626,1.3500,1.7700
10.01.2014 00:15:38.283,1.47826,1.47626,2.0900,2.1900
10.01.2014 00:15:39.871,1.47826,1.47626,1.7800,2.5800
10.01.2014 00:15:41.192,1.47829,1.47629,2.4900,1.3000
10.01.2014 00:15:42.556,1.47828,1.47628,1.1700,2.2800
10.01.2014 00:15:44.087,1.47828,1.47628,1.6500,2.6500
10.01.2014 00:15:45.543,1.47829,1.47629,1.2600,1.4900
10.01.2014 00:15:46.941,1.47831,1.47631,2.4200,2.1200
10.01.2014 00:15:48.314,1.47830,1.47630,1.9400,1.6200
10.01.2014 00:15:49.851,1.47828,1.47628,2.0000,2.6300
10.01.2014 00:15:51.195,1.47830,1.47630,2.4100,1.8000
10.01.2014 00:15:52.653,1.47828,1.47628,1.1300,1.5500
10.01.2014 00:15:53.945,1.47828,1.47628,2.6500,1.0400
10.01.2014 00:15:55.293,1.47830,1.47630,2.3700,1.5900
10.01.2014 00:15:56.516,1.47830,1.47630,1.9500,1.1600
10.01.2014 00:15:57.904,1.47831,1.47631,1.9900,2.5900
10.01.2014 00:15:59.063,1.47831,1.47631,2.1200,1.3000
10.01.2014 00:16:00.292,1.47830,1.47630,1.6500,2.7200
10.01.2014 00:16:01.837,1.47833,1.47633,1.6300,2.6100
10.01.2014 00:16:03.363,1.47831,1.47631,1.7800,2.2400
10.01.2014 00:16:04.956,1.47831,1.47631,1.6000,1.7600
10.01.2014 00:16:06.442,1.47831,1.47631,2.1500,1.1500
10.01.2014 00:16:07.753,1.47831,1.47631,2.7400,2.9700
10.01.2014 00:16:09.234,1.47832,1.47632,1.5000,1.0500
10.01.2014 00:16:10.678,1.47828,1.47628,1.4200,1.3600
10.01.2014 00:16:12.096,1.47829,1.47629,1.9100,2.0500
10.01.2014 00:16:13.581,1.47833,1.47633,2.1900,2.6400
10.01.2014 00:16:15.045,1.47832,1.47632,2.1000,1.9000
10.01.2014 00:16:16.437,1.47832,1.47632,1.9500,2.9600
10.01.2014 00:16:17.954,1.47832,1.47632,1.1700,2.8400
10.01.2014 00:16:19.480,1.47829,1.47629,2.6700,2.4800
10.01.2014 00:16:21.025,1.47829,1.47629,2.4000,2.8500
10.01.2014 00:16:22.377,1.47830,1.47630,2.8200,1.8400
10.01.2014 00:16:23.783,1.47829,1.47629,1.5100,1.1400
10.01.2014 00:16:25.075,1.47829,1.47629,2.4900,1.8000
10.01.2014 00:16:26.256,1.47830,1.47630,2.2600,2.5200
10.01.2014 00:16:27.561,1.47828,1.47628,2.4300,1.9500
10.01.2014 00:16:29.040,1.47827,1.47627,2.8900,1.6700
10.01.2014 00:16:30.322,1.47825,1.47625,3.0000,2.4300
10.01.2014 00:16:32.059,1.47824,1.47624,1.2600,2.0900
10.01.2014 00:16:33.453,1.47826,1.47626,2.9400,1.3100
10.01.2014 00:16:34.913,1.47825,1.47625,1.4400,1.7100
10.01.2014 00:16:36.177,1.47827,1.47627,1.6300,1.7800
10.01.2014 00:16:37.357,1.47826,1.47626,2.1400,1.6400
10.01.2014 00:16:38.661,1.47825,1.47625,1.4900,2.0600
10.01.2014 00:16:40.133,1.47825,1.47625,2.2000,1.7000
10.01.2014 00:16:41.373,1.47825,1.47625,2.1500,1.5300
10.01.2014 00:16:42.702,1.47826,1.47626,2.3200,1.5000
10.01.2014 00:16:44.088,1.47828,1.47628,1.6600,2.6200
10.01.2014 00:16:45.553,1.47826,1.47626,1.1800,1.4600
10.01.2014 00:16:47.065,1.47828,1.47628,2.4800,1.1400
10.01.2014 00:16:48.321,1.47827,1.47627,1.3000,2.8600
10.01.2014 00:16:49.723,1.47826,1.47626,2.3800,2.6900
10.01.2014 00:16:51.148,1.47825,1.47625,2.6400,2.3600
10.01.2014 00:16:52.546,1.47826,1.47626,2.8700,2.4100
10.01.2014 00:16:54.050,1.47829,1.47629,2.8500,1.1400
10.01.2014 00:16:55.561,1.47828,1.47628,2.7400,2.4800
10.01.2014 00:16:56.994,1.47826,1.47626,2.6200,2.9700
10.01.2014 00:16:58.381,1.47824,1.47624,1.7700,1.5600
10.01.2014 00:16:59.850,1.47826,1.47626,1.6200,2.0700
10.01.2014 00:17:01.203,1.47824,1.47624,2.3300,2.7600
10.01.2014 00:17:02.706,1.47826,1.47626,2.4300,2.5500
10.01.2014 00:17:04.200,1.47823,1.47623,2.9800,2.4700
10.01.2014 00:17:05.759,1.47823,1.47623,1.8100,1.4500
10.01.2014 00:17:07.180,1.47822,1.47622,1.4700,1.8200
10.01.2014 00:17:08.481,1.47822,1.47622,1.8300,1.0800
10.01.2014 00:17:09.912,1.47821,1.47621,2.6200,2.4400
10.01.2014 00:17:11.353,1.47821,1.47621,2.8600,1.2400
10.01.2014 00:17:12.821,1.47821,1.47621,1.2900,1.8100
10.01.2014 00:17:14.041,1.47822,1.47622,1.5100,2.5000
10.01.2014 00:17:15.528,1.47822,1.47622,1.6200,2.7400
10.01.2014 00:17:17.011,1.47822,1.47622,1.7100,1.1800
10.01.2014 00:17:18.333,1.47820,1.47620,1.5900,2.0300
10.01.2014 00:17:19.666,1.47821,1.47621,1.3700,1.0900
10.01.2014 00:17:21.159,1.47820,1.47620,1.6300,2.2000
10.01.2014 00:17:22.387,1.47822,1.47622,1.1400,2.5400
10.01.2014 00:17:23.826,1.47823,1.47623,1.4900,2.4900
10.01.2014 00:17:25.239,1.47821,1.47621,2.7000,2.5200
10.01.2014 00:17:26.667,1.47820,1.47620,2.1400,1.1600
10.01.2014 00:17:27.985,1.47823,1.47623,1.3300,2.0000
10.01.2014 00:17:29.392,1.47823,1.47623,2.1500,1.1300
10.01.2014 00:17:30.884,1.47823,1.47623,1.4200,2.6700
10.01.2014 00:17:32.184,1.47822,1.47622,2.2700,1.5500
10.01.2014 00:17:33.676,1.47823,1.47623,2.4100,2.6400
10.01.2014 00:17:35.135,1.47826,1.47626,3.0000,2.9700
10.01.2014 00:17:36.361,1.47826,1.47626,1.5400,2.9500
10.01.2014 00:17:37.736,1.47828,1.47628,1.3800,2.9700
10.01.2014 00:17:39.161,1.47829,1.47629,1.3100,1.2300
10.01.2014 00:17:40.594,1.47829,1.47629,1.6300,2.0000
10.01.2014 00:17:41.872,1.47829,1.47629,1.7100,2.4700
10.01.2014 00:17:43.343,1.47828,1.47628,1.3000,1.7100
10.01.2014 00:17:44.762,1.47828,1.47628,2.1600,2.8200
10.01.2014 00:17:46.049,1.47829,1.47629,1.1000,2.9300
10.01.2014 00:17:47.402,1.47828,1.47628,2.2400,2.1200
10.01.2014 00:17:48.953,1.47833,1.47633,1.5500,1.5100
10.01.2014 00:17:50.362,1.47835,1.47635,1.1000,1.4500
10.01.2014 00:17:51.806,1.47833,1.47633,2.5100,1.6400
10.01.2014 00:17:53.097,1.47835,1.47635,2.6100,2.5600
10.01.2014 00:17:54.630,1.47837,1.47637,2.0600,1.4300
10.01.2014 00:17:55.955,1.47837,1.47637,1.6500,1.0500
10.01.2014 00:17:57.178,1.47839,1.47639,1.3500,2.2900
10.01.2014 00:17:58.642,1.47841,1.47641,2.0900,1.5100
10.01.2014 00:18:00.102,1.47839,1.47639,1.1400,2.2300
10.01.2014 00:18:01.490,1.47841,1.47641,2.4500,2.0500
10.01.2014 00:18:03.098,1.47840,1.47640,1.7300,2.5900
10.01.2014 00:18:04.456,1.47841,1.47641,2.2000,2.0500
10.01.2014 00:18:05.947,1.47839,1.47639,1.5600,2.8700
10.01.2014 00:18:07.173,1.47839,1.47639,1.9900,1.4500
10.01.2014 00:18:08.536,1.47836,1.47636,2.2900,2.5000
10.01.2014 00:18:09.895,1.47837,1.47637,2.5900,2.7300
10.01.2014 00:18:11.293,1.47835,1.47635,1.9900,1.4900
10.01.2014 00:18:12.621,1.47836,1.47636,2.4500,1.6100
10.01.2014 00:18:14.174,1.47837,1.47637,2.5300,1.4300
10.01.2014 00:18:15.458,1.47840,1.47640,1.4900,2.1800
10.01.2014 00:18:16.954,1.47839,1.47639,2.9300,1.0800
10.01.2014 00:18:18.491,1.47842,1.47642,1.4900,1.2300
10.01.2014 00:18:19.885,1.47845,1.47645,1.9600,2.6500
10.01.2014 00:18:21.263,1.47848,1.47648,2.1200,1.2500
10.01.2014 00:18:22.715,1.47846,1.47646,1.7000,1.8300
10.01.2014 00:18:23.985,1.47844,1.47644,1.3900,1.6000
10.01.2014 00:18:25.353,1.47842,1.47642,2.6800,2.3100
10.01.2014 00:18:26.930,1.47844,1.47644,1.5100,1.3500
10.01.2014 00:18:28.461,1.47843,1.47643,2.4600,1.0200
10.01.2014 00:18:29.881,1.47843,1.47643,1.4500,1.2700
10.01.2014 00:18:31.202,1.47844,1.47644,2.0300,2.2100
10.01.2014 00:18:32.622,1.47844,1.47644,1.9300,2.8500
10.01.2014 00:18:34.064,1.47849,1.47649,2.6800,1.7200
10.01.2014 00:18:35.469,1.47850,1.47650,2.3800,2.3900
10.01.2014 00:18:36.800,1.47850,1.47650,1.9300,1.1600
10.01.2014 00:18:38.243,1.47850,1.47650,2.3300,2.3400
10.01.2014 00:18:39.787,1.47850,1.47650,2.2800,2.9000
10.01.2014 00:18:41.139,1.47851,1.47651,1.6900,1.3500
10.01.2014 00:18:42.495,1.47850,1.47650,1.3900,2.6000
10.01.2014 00:18:44.042,1.47845,1.47645,1.8800,2.5900
10.01.2014 00:18:45.421,1.47844,1.47644,1.5800,2.0300
10.01.2014 00:18:46.517,1.47843,1.47643,2.5200,2.4000
10.01.2014 00:18:48.045,1.47846,1.47646,1.8800,2.6000
10.01.2014 00:18:49.391,1.47848,1.47648,2.7500,2.7500
10.01.2014 00:18:50.798,1.47846,1.47646,2.4600,1.9800
10.01.2014 00:18:52.144,1.47844,1.47644,2.8400,1.0300
10.01.2014 00:18:53.438,1.47844,1.47644,2.5100,2.2700
10.01.2014 00:18:54.863,1.47843,1.47643,1.0300,2.4200
10.01.2014 00:18:56.377,1.47840,1.47640,1.3800,2.3600
10.01.2014 00:18:57.851,1.47841,1.47641,1.1600,2.9400
10.01.2014 00:18:59.290,1.47841,1.47641,1.2700,1.3800
10.01.2014 00:19:00.904,1.47838,1.47638,1.6200,2.0200
10.01.2014 00:19:02.517,1.47839,1.47639,1.8800,2.2200
10.01.2014 00:19:03.841,1.47842,1.47642,2.2800,1.5000
10.01.2014 00:19:05.237,1.47841,1.47641,1.5000,2.3100
10.01.2014 00:19:06.538,1.47838,1.47638,2.8200,1.3800
10.01.2014 00:19:08.029,1.47835,1.47635,2.9600,2.9200
10.01.2014 00:19:09.465,1.47834,1.47634,2.9500,1.2400
10.01.2014 00:19:10.747,1.47836,1.47636,1.9500,1.9800
10.01.2014 00:19:12.101,1.47838,1.47638,2.9300,2.4500
10.01.2014 00:19:13.221,1.47839,1.47639,1.4400,1.0200
10.01.2014 00:19:14.446,1.47840,1.47640,2.7900,2.7500
10.01.2014 00:19:16.022,1.47841,1.47641,2.6400,1.0000
10.01.2014 00:19:17.313,1.47840,1.47640,2.1100,2.1800
10.01.2014 00:19:18.729,1.47841,1.47641,2.4000,2.8000
10.01.2014 00:19:19.823,1.47841,1.47641,1.3000,1.5700
10.01.2014 00:19:20.990,1.47842,1.47642,1.8900,1.6700
10.01.2014 00:19:22.501,1.47839,1.47639,2.0500,2.9400
10.01.2014 00:19:23.679,1.47843,1.47643,1.3500,2.5800
10.01.2014 00:19:25.248,1.47845,1.47645,2.4800,2.3300
10.01.2014 00:19:26.670,1.47847,1.47647,2.8500,1.7900
10.01.2014 00:19:28.024,1.47845,1.47645,2.7800,2.9300
10.01.2014 00:19:29.464,1.47846,1.47646,1.6400,2.1700
10.01.2014 00:19:31.045,1.47847,1.47647,2.7200,2.4100
10.01.2014 00:19:32.554,1.47847,1.47647,1.0000,2.0300
10.01.2014 00:19:34.066,1.47846,1.47646,2.6800,2.2900
10.01.2014 00:19:35.396,1.47847,1.47647,2.1400,2.8100
10.01.2014 00:19:36.669,1.47845,1.47645,2.1600,1.6800
10.01.2014 00:19:38.116,1.47846,1.47646,2.8000,1.3200
10.01.2014 00:19:39.417,1.47847,1.47647,2.5900,2.6400
10.01.2014 00:19:40.927,1.47850,1.47650,1.0900,1.7300
10.01.2014 00:19:42.189,1.47851,1.47651,2.8100,2.6700
10.01.2014 00:19:43.724,1.47852,1.47652,1.3500,1.2800
10.01.2014 00:19:45.166,1.47852,1.47652,2.1600,2.4600
10.01.2014 00:19:46.697,1.47852,1.47652,2.5400,2.6800
10.01.2014 00:19:48.038,1.47852,1.47652,1.9100,2.5900
10.01.2014 00:19:49.474,1.47851,1.47651,1.7700,1.4500
10.01.2014 00:19:50.661,1.47849,1.47649,1.2700,2.8200
10.01.2014 00:19:52.091,1.47850,1.47650,1.7800,2.8600
10.01.2014 00:19:53.445,1.47851,1.47651,1.5000,1.6300
10.01.2014 00:19:54.878,1.47851,1.47651,2.1300,1.6100
10.01.2014 00:19:56.244,1.47851,1.47651,1.0800,1.9100
10.01.2014 00:19:57.676,1.47851,1.47651,2.5400,1.4800
10.01.2014 00:19:59.165,1.47852,1.47652,1.8700,1.5500
10.01.2014 00:20:00.627,1.47852,1.47652,2.2700,1.3700
10.01.2014 00:20:02.074,1.47854,1.47654,1.3200,1.1200
10.01.2014 00:20:03.328,1.47853,1.47653,1.6100,2.6500
10.01.2014 00:20:04.820,1.47851,1.47651,2.6700,1.8200
10.01.2014 00:20:06.216,1.47851,1.47651,1.1100,1.2200
10.01.2014 00:20:07.505,1.47852,1.47652,2.5400,1.6400
10.01.2014 00:20:08.767,1.47854,1.47654,3.0000,1.6900
10.01.2014 00:20:10.149,1.47854,1.47654,2.0800,1.0100
10.01.2014 00:20:11.541,1.47854,1.47654,1.0100,2.9400
10.01.2014 00:20:12.899,1.47854,1.47654,2.8100,2.0300
10.01.2014 00:20:14.265,1.47852,1.47652,2.5400,2.0300
10.01.2014 00:20:15.708,1.47853,1.47653,2.5600,1.2000
10.01.2014 00:20:16.934,1.47853,1.47653,2.1700,2.2200
10.01.2014 00:20:18.352,1.47853,1.47653,1.6800,1.7700
10.01.2014 00:20:19.549,1.47853,1.47653,1.2200,2.6100
10.01.2014 00:20:20.884,1.47853,1.47653,1.1700,2.6900
10.01.2014 00:20:22.352,1.47854,1.47654,1.4000,2.4200
10.01.2014 00:20:23.749,1.47854,1.47654,2.8900,1.2500
10.01.2014 00:20:25.279,1.47854,1.47654,1.5000,2.7200
10.01.2014 00:20:26.709,1.47852,1.47652,1.4200,1.1700
10.01.2014 00:20:28.142,1.47850,1.47650,2.0900,2.5600
10.01.2014 00:20:29.534,1.47851,1.47651,2.0400,1.1500
10.01.2014 00:20:30.853,1.47850,1.47650,2.5800,2.9400
10.01.2014 00:20:32.390,1.47847,1.47647,1.6700,2.7300
10.01.2014 00:20:33.646,1.47849,1.47649,2.6800,2.0100
10.01.2014 00:20:35.090,1.47851,1.47651,1.8200,2.8900
10.01.2014 00:20:36.527,1.47852,1.47652,1.4300,1.4200
10.01.2014 00:20:37.852,1.47854,1.47654,2.1400,2.8000
10.01.2014 00:20:39.224,1.47853,1.47653,2.0500,1.1400
10.01.2014 00:20:40.472,1.47853,1.47653,1.6700,1.7200
10.01.2014 00:20:41.778,1.47852,1.47652,1.3700,2.4000
10.01.2014 00:20:43.386,1.47848,1.47648,2.0500,2.5100
10.01.2014 00:20:44.826,1.47847,1.47647,2.0200,2.1300
10.01.2014 00:20:46.122,1.47848,1.47648,2.5200,2.9300
10.01.2014 00:20:47.323,1.47848,1.47648,2.6200,1.0900
10.01.2014 00:20:48.702,1.47848,1.47648,2.7900,2.2100
10.01.2014 00:20:50.171,1.47849,1.47649,1.0900,1.6500
10.01.2014 00:20:51.601,1.47850,1.47650,1.9700,2.0900
10.01.2014 00:20:52.957,1.47848,1.47648,1.1000,2.2000
10.01.2014 00:20:54.230,1.47847,1.47647,2.3600,1.4500
10.01.2014 00:20:55.670,1.47852,1.47652,1.8800,2.9300
10.01.2014 00:20:57.036,1.47852,1.47652,2.5700,1.6700
10.01.2014 00:20:58.524,1.47852,1.47652,1.7800,2.5500
10.01.2014 00:21:00.002,1.47854,1.47654,2.9800,2.1500
10.01.2014 00:21:01.592,1.47855,1.47655,1.8300,2.2600
10.01.2014 00:21:02.779,1.47854,1.47654,2.7600,1.7400
10.01.2014 00:21:04.291,1.47852,1.47652,2.9000,2.4700
10.01.2014 00:21:05.576,1.47853,1.47653,2.1400,1.9700
10.01.2014 00:21:07.004,1.47855,1.47655,1.8000,2.7400
10.01.2014 00:21:08.440,1.47855,1.47655,2.5700,2.7100
10.01.2014 00:21:09.785,1.47856,1.47656,1.8500,2.3400
10.01.2014 00:21:11.387,1.47855,1.47655,2.2300,2.2200
10.01.2014 00:21:12.789,1.47854,1.47654,2.7300,1.4000
10.01.2014 00:21:14.281,1.47854,1.47654,2.7800,1.5700
10.01.2014 00:21:15.545,1.47853,1.47653,2.8200,1.0900
10.01.2014 00:21:16.895,1.47854,1.47654,2.6900,1.3900
10.01.2014 00:21:18.229,1.47855,1.47655,2.5400,2.9500
10.01.2014 00:21:19.688,1.47858,1.47658,2.8200,1.9100
10.01.2014 00:21:21.104,1.47857,1.47657,2.5400,2.4100
10.01.2014 00:21:22.544,1.47859,1.47659,2.3100,1.4000
10.01.2014 00:21:23.876,1.47859,1.47659,2.9500,2.1900
10.01.2014 00:21:25.393,1.47855,1.47655,2.8000,1.1300
10.01.2014 00:21:26.823,1.47854,1.47654,1.1400,2.1900
10.01.2014 00:21:28.126,1.47852,1.47652,1.1900,2.9400
10.01.2014 00:21:29.429,1.47848,1.47648,2.1200,2.3000
10.01.2014 00:21:30.959,1.47846,1.47646,1.4000,1.7200
10.01.2014 00:21:32.426,1.47842,1.47642,1.6100,1.7800
10.01.2014 00:21:33.977,1.47838,1.47638,2.8600,1.6900
10.01.2014 00:21:35.450,1.47839,1.47639,2.5900,2.4800
10.01.2014 00:21:36.767,1.47838,1.47638,2.4400,2.7300
10.01.2014 00:21:38.243,1.47839,1.47639,1.3700,1.7400
10.01.2014 00:21:39.679,1.47838,1.47638,1.4800,1.6100
10.01.2014 00:21:41.146,1.47837,1.47637,1.4000,1.8100
10.01.2014 00:21:42.637,1.47835,1.47635,1.0400,2.2100
10.01.2014 00:21:44.161,1.47836,1.47636,1.3300,2.4300
10.01.2014 00:21:45.591,1.47834,1.47634,1.9000,1.3200
10.01.2014 00:21:47.178,1.47838,1.47638,1.3400,1.1400
10.01.2014 00:21:48.619,1.47837,1.47637,1.8300,2.6200
10.01.2014 00:21:50.020,1.47837,1.47637,2.1200,1.1500
10.01.2014 00:21:51.495,1.47837,1.47637,1.5800,2.7700
10.01.2014 00:21:52.833,1.47836,1.47636,1.6300,2.2600
10.01.2014 00:21:54.316,1.47834,1.47634,2.2600,1.1600
10.01.2014 00:21:55.720,1.47833,1.47633,1.1300,2.2000
10.01.2014 00:21:57.088,1.47833,1.47633,1.3400,2.0100
10.01.2014 00:21:58.329,1.47833,1.47633,1.9500,2.1100
10.01.2014 00:21:59.668,1.47834,1.47634,1.5500,1.7600
10.01.2014 00:22:01.141,1.47833,1.47633,1.6200,2.0400
10.01.2014 00:22:02.518,1.47833,1.47633,1.5700,2.3000
10.01.2014 00:22:03.997,1.47834,1.47634,1.5700,2.5600
10.01.2014 00:22:05.400,1.47833,1.47633,1.2800,2.4200
10.01.2014 00:22:06.662,1.47834,1.47634,2.5500,1.8700
10.01.2014 00:22:07.892,1.47833,1.47633,2.7100,2.2000
10.01.2014 00:22:09.240,1.47835,1.47635,2.4600,1.1400
10.01.2014 00:22:10.527,1.47836,1.47636,1.6800,1.4100
10.01.2014 00:22:11.744,1.47836,1.47636,1.2800,2.8600
10.01.2014 00:22:13.087,1.47834,1.47634,1.1000,2.4500
10.01.2014 00:22:14.519,1.47834,1.47634,2.0400,2.7600
10.01.2014 00:22:16.024,1.47834,1.47634,1.9200,2.4000
10.01.2014 00:22:17.445,1.47836,1.47636,1.2400,2.6100
10.01.2014 00:22:18.880,1.47833,1.47633,1.2500,1.8300
10.01.2014 00:22:20.215,1.47836,1.47636,2.9900,2.5100
10.01.2014 00:22:21.609,1.47836,1.47636,2.6100,1.4500
10.01.2014 00:22:23.107,1.47837,1.47637,2.1000,2.9100
10.01.2014 00:22:24.686,1.47840,1.47640,1.4800,1.6200
10.01.2014 00:22:26.096,1.47842,1.47642,1.7600,1.8700
10.01.2014 00:22:27.603,1.47843,1.47643,2.9900,1.0000
10.01.2014 00:22:29.058,1.47842,1.47642,2.0300,1.4700
10.01.2014 00:22:30.318,1.47843,1.47643,2.5700,2.1100
10.01.2014 00:22:31.806,1.47842,1.47642,2.8600,2.5300
10.01.2014 00:22:33.377,1.47844,1.47644,2.3600,1.5700
10.01.2014 00:22:34.679,1.47846,1.47646,1.6800,1.1200
10.01.2014 00:22:36.037,1.47847,1.47647,2.5700,2.8600
10.01.2014 00:22:37.347,1.47847,1.47647,1.7200,2.2600
10.01.2014 00:22:38.768,1.47851,1.47651,2.1900,2.8700
10.01.2014 00:22:40.269,1.47853,1.47653,2.2500,2.2400
10.01.2014 00:22:41.628,1.47851,1.47651,2.2600,1.5900
10.01.2014 00:22:43.080,1.47850,1.47650,2.3600,2.3000
10.01.2014 00:22:44.411,1.47850,1.47650,1.1700,1.4500
10.01.2014 00:22:45.887,1.47849,1.47649,2.7400,2.1500
10.01.2014 00:22:47.268,1.47850,1.47650,2.0100,2.7200
10.01.2014 00:22:48.695,1.47852,1.47652,1.0700,2.8400
10.01.2014 00:22:50.169,1.47851,1.47651,1.8000,2.7600
10.01.2014 00:22:51.504,1.47851,1.47651,2.4900,1.5800
10.01.2014 00:22:53.075,1.47849,1.47649,2.5400,2.8900
10.01.2014 00:22:54.439,1.47851,1.47651,2.6800,1.8500
10.01.2014 00:22:56.033,1.47852,1.47652,1.2400,1.5800
10.01.2014 00:22:57.475,1.47850,1.47650,2.4500,1.7500
10.01.2014 00:22:59.058,1.47849,1.47649,2.2000,1.0800
10.01.2014 00:23:00.594,1.47849,1.47649,2.5300,1.0100
10.01.2014 00:23:02.091,1.47847,1.47647,2.0500,3.0000
10.01.2014 00:23:03.468,1.47848,1.47648,2.6200,1.2000
10.01.2014 00:23:04.886,1.47848,1.47648,1.0500,2.8400
10.01.2014 00:23:06.344,1.47848,1.47648,2.6100,1.8700
10.01.2014 00:23:07.587,1.47848,1.47648,1.2500,1.3400
10.01.2014 00:23:09.147,1.47847,1.47647,2.2900,2.1700
10.01.2014 00:23:10.496,1.47847,1.47647,2.7500,2.4100
10.01.2014 00:23:11.801,1.47848,1.47648,2.3900,2.9000
10.01.2014 00:23:13.206,1.47849,1.47649,2.1000,2.1700
10.01.2014 00:23:14.627,1.47851,1.47651,1.9200,2.3400
10.01.2014 00:23:16.094,1.47852,1.47652,2.3800,1.7700
10.01.2014 00:23:17.579,1.47852,1.47652,2.4800,2.4900
10.01.2014 00:23:19.021,1.47851,1.47651,1.3800,2.1500
10.01.2014 00:23:20.373,1.47849,1.47649,2.5900,2.9000
10.01.2014 00:23:21.742,1.47849,1.47649,1.4400,1.9300
10.01.2014 00:23:23.196,1.47848,1.47648,2.1900,1.9900
10.01.2014 00:23:24.664,1.47846,1.47646,2.4400,1.9000
10.01.2014 00:23:26.042,1.47847,1.47647,2.3400,2.4300
10.01.2014 00:23:27.423,1.47846,1.47646,2.7900,1.9200
10.01.2014 00:23:28.638,1.47844,1.47644,1.4700,2.3400
10.01.2014 00:23:30.142,1.47843,1.47643,2.2200,1.4000
10.01.2014 00:23:31.355,1.47844,1.47644,2.1500,2.4900
10.01.2014 00:23:32.826,1.47843,1.47643,2.0800,1.9500
10.01.2014 00:23:34.299,1.47844,1.47644,1.9700,2.9500
10.01.2014 00:23:35.715,1.47843,1.47643,2.7600,1.1300
10.01.2014 00:23:37.060,1.47844,1.47644,2.0900,2.6400
10.01.2014 00:23:38.420,1.47841,1.47641,1.6000,2.9500
10.01.2014 00:23:39.803,1.47842,1.47642,2.4600,1.9200
10.01.2014 00:23:41.175,1.47842,1.47642,2.1100,2.0500
10.01.2014 00:23:42.715,1.47839,1.47639,1.8600,2.3200
10.01.2014 00:23:44.205,1.47840,1.47640,2.6600,2.5400
10.01.2014 00:23:45.703,1.47842,1.47642,1.1900,1.5700
10.01.2014 00:23:47.063,1.47841,1.47641,1.9600,2.0000
10.01.2014 00:23:48.389,1.47843,1.47643,2.4700,2.9500
10.01.2014 00:23:49.757,1.47845,1.47645,2.1800,2.3400
10.01.2014 00:23:51.088,1.47848,1.47648,2.1600,1.9600
10.01.2014 00:23:52.500,1.47846,1.47646,2.2900,2.8000
10.01.2014 00:23:53.753,1.47848,1.47648,2.4300,1.0100
10.01.2014 00:23:55.298,1.47846,1.47646,1.6900,1.1100
10.01.2014 00:23:56.627,1.47847,1.47647,1.0800,2.7100
10.01.2014 00:23:58.173,1.47848,1.47648,2.7100,1.3100
10.01.2014 00:23:59.656,1.47850,1.47650,2.1800,2.6300
10.01.2014 00:24:01.030,1.47851,1.47651,2.9700,2.9800
10.01.2014 00:24:02.463,1.47852,1.47652,1.9200,2.8700
10.01.2014 00:24:03.893,1.47848,1.47648,1.8600,2.8300
10.01.2014 00:24:05.240,1.47847,1.47647,1.0900,2.4600
10.01.2014 00:24:06.705,1.47845,1.47645,2.8100,1.7700
10.01.2014 00:24:07.940,1.47846,1.47646,1.9000,2.3500
10.01.2014 00:24:09.328,1.47845,1.47645,2.5700,1.7400
10.01.2014 00:24:10.759,1.47846,1.47646,1.3400,1.2400
10.01.2014 00:24:12.061,1.47847,1.47647,1.9000,1.2800
10.01.2014 00:24:13.432,1.47848,1.47648,1.9500,1.5300
10.01.2014 00:24:14.619,1.47849,1.47649,1.1200,2.2400
10.01.2014 00:24:15.988,1.47849,1.47649,2.6600,1.6700
10.01.2014 00:24:17.431,1.47851,1.47651,2.2800,1.4100
10.01.2014 00:24:18.732,1.47849,1.47649,2.6800,1.2400
10.01.2014 00:24:20.146,1.47850,1.47650,2.7800,1.3200
10.01.2014 00:24:21.481,1.47849,1.47649,2.4600,2.7500
10.01.2014 00:24:22.890,1.47849,1.47649,1.3800,1.8100
10.01.2014 00:24:24.355,1.47850,1.47650,2.0800,2.4600
10.01.2014 00:24:25.713,1.47851,1.47651,1.8200,1.9100
10.01.2014 00:24:27.104,1.47849,1.47649,1.3700,2.9900
10.01.2014 00:24:28.458,1.47847,1.47647,1.2000,1.2300
10.01.2014 00:24:29.871,1.47849,1.47649,2.3300,2.6600
10.01.2014 00:24:31.275,1.47848,1.47648,2.0600,2.1400
10.01.2014 00:24:32.750,1.47847,1.47647,2.7200,1.8900
10.01.2014 00:24:34.066,1.47850,1.47650,1.4000,1.1200
10.01.2014 00:24:35.472,1.47852,1.47652,1.9800,1.1500
10.01.2014 00:24:36.888,1.47854,1.47654,2.3700,1.8800
10.01.2014 00:24:38.287,1.47855,1.47655,2.7400,2.1200
10.01.2014 00:24:39.911,1.47855,1.47655,2.8700,2.0800
10.01.2014 00:24:41.265,1.47858,1.47658,2.6100,2.6500
10.01.2014 00:24:42.684,1.47859,1.47659,2.6800,1.6200
10.01.2014 00:24:44.128,1.47859,1.47659,1.9600,2.3800
10.01.2014 00:24:45.499,1.47856,1.47656,1.0900,1.1000
10.01.2014 00:24:46.874,1.47852,1.47652,1.7400,2.8700
10.01.2014 00:24:48.318,1.47854,1.47654,2.1500,1.7500
10.01.2014 00:24:49.686,1.47855,1.47655,2.3300,1.2200
10.01.2014 00:24:50.999,1.47854,1.47654,1.2400,2.8400
10.01.2014 00:24:52.396,1.47853,1.47653,2.5700,1.7500
10.01.2014 00:24:53.744,1.47852,1.47652,1.6400,2.1200
10.01.2014 00:24:55.207,1.47853,1.47653,2.5400,1.6800
10.01.2014 00:24:56.726,1.47853,1.47653,1.9000,2.0300
10.01.2014 00:24:58.314,1.47849,1.47649,1.1300,2.4800
10.01.2014 00:24:59.589,1.47850,1.47650,1.9200,2.6900
10.01.2014 00:25:01.093,1.47849,1.47649,2.4700,1.2100
10.01.2014 00:25:02.440,1.47851,1.47651,1.5300,1.7900
10.01.2014 00:25:03.746,1.47850,1.47650,2.4100,2.3700
10.01.2014 00:25:05.219,1.47852,1.47652,1.6900,1.8700
10.01.2014 00:25:06.611,1.47852,1.47652,1.0100,2.7200
10.01.2014 00:25:07.946,1.47849,1.47649,1.1200,1.8400
10.01.2014 00:25:09.328,1.47848,1.47648,2.5900,1.0300
10.01.2014 00:25:10.862,1.47848,1.47648,2.4900,2.7400
10.01.2014 00:25:12.164,1.47850,1.47650,2.3800,1.8300
10.01.2014 00:25:13.623,1.47853,1.47653,2.7900,1.3800
10.01.2014 00:25:15.109,1.47858,1.47658,1.4600,1.9500
10.01.2014 00:25:16.515,1.47858,1.47658,2.6900,1.5200
10.01.2014 00:25:18.048,1.47858,1.47658,2.4000,2.4000
10.01.2014 00:25:19.229,1.47857,1.47657,1.9800,2.9100
10.01.2014 00:25:20.590,1.47856,1.47656,1.3300,1.9700
10.01.2014 00:25:22.079,1.47855,1.47655,2.4300,1.6400
10.01.2014 00:25:23.564,1.47855,1.47655,2.8300,1.6900
10.01.2014 00:25:24.927,1.47854,1.47654,1.8600,1.5800
10.01.2014 00:25:26.290,1.47852,1.47652,2.5700,1.0300
10.01.2014 00:25:27.610,1.47851,1.47651,1.7300,1.2200
10.01.2014 00:25:28.892,1.47848,1.47648,2.2400,2.0000
10.01.2014 00:25:30.476,1.47849,1.47649,2.7300,2.0200
10.01.2014 00:25:31.953,1.47848,1.47648,1.9200,2.7900
10.01.2014 00:25:33.526,1.47849,1.47649,2.9600,1.7000
10.01.2014 00:25:34.786,1.47847,1.47647,1.4400,1.6600
10.01.2014 00:25:36.078,1.47845,1.47645,2.4000,1.6100
10.01.2014 00:25:37.401,1.47846,1.47646,1.8800,1.2800
10.01.2014 00:25:38.807,1.47847,1.47647,2.7400,2.2700
10.01.2014 00:25:40.350,1.47847,1.47647,2.4800,2.2100
10.01.2014 00:25:41.781,1.47849,1.47649,1.8300,1.8600
10.01.2014 00:25:42.980,1.47850,1.47650,2.8800,1.0100
10.01.2014 00:25:44.533,1.47854,1.47654,2.3400,1.6500
10.01.2014 00:25:45.788,1.47852,1.47652,1.3600,2.2400
10.01.2014 00:25:47.251,1.47852,1.47652,1.0600,2.3100
10.01.2014 00:25:48.634,1.47852,1.47652,2.5200,1.4700
10.01.2014 00:25:50.088,1.47853,1.47653,2.3700,2.4700
10.01.2014 00:25:51.468,1.47852,1.47652,2.2000,2.4800
10.01.2014 00:25:52.989,1.47855,1.47655,1.3800,2.6700
10.01.2014 00:25:54.299,1.47855,1.47655,2.8300,1.9800
10.01.2014 00:25:55.648,1.47855,1.47655,2.2700,2.7400
10.01.2014 00:25:56.913,1.47857,1.47657,1.5600,2.0200
10.01.2014 00:25:58.403,1.47858,1.47658,1.5400,1.6500
10.01.2014 00:25:59.940,1.47859,1.47659,1.7400,2.8800
10.01.2014 00:26:01.519,1.47860,1.47660,2.2400,2.7800
10.01.2014 00:26:03.009,1.47857,1.47657,2.7600,2.3000
10.01.2014 00:26:04.478,1.47858,1.47658,1.9000,2.8500
10.01.2014 00:26:05.833,1.47860,1.47660,1.0200,1.7100
10.01.2014 00:26:07.221,1.47859,1.47659,2.4500,1.6800
10.01.2014 00:26:08.694,1.47860,1.47660,1.2200,2.6500
10.01.2014 00:26:10.260,1.47860,1.47660,2.5500,2.8200
10.01.2014 00:26:11.658,1.47859,1.47659,1.6600,2.9900
10.01.2014 00:26:12.932,1.47858,1.47658,2.8400,1.7500
10.01.2014 00:26:14.287,1.47855,1.47655,2.3400,2.6700
10.01.2014 00:26:15.732,1.47854,1.47654,1.9000,2.3700
10.01.2014 00:26:17.091,1.47856,1.47656,1.3000,2.8700
10.01.2014 00:26:18.370,1.47857,1.47657,1.6800,2.9000
10.01.2014 00:26:19.753,1.47857,1.47657,2.8800,2.2800
10.01.2014 00:26:21.227,1.47858,1.47658,1.9100,2.1200
10.01.2014 00:26:22.722,1.47859,1.47659,2.3500,2.7900
10.01.2014 00:26:23.893,1.47861,1.47661,1.0100,1.7200
10.01.2014 00:26:25.377,1.47862,1.47662,1.6000,2.6100
10.01.2014 00:26:26.734,1.47865,1.47665,1.6900,1.4900
10.01.2014 00:26:28.118,1.47862,1.47662,1.8100,1.7200
10.01.2014 00:26:29.542,1.47866,1.47666,2.7700,1.1400
10.01.2014 00:26:31.050,1.47864,1.47664,2.0700,2.0900
10.01.2014 00:26:32.346,1.47866,1.47666,2.2100,1.1600
10.01.2014 00:26:33.771,1.47866,1.47666,1.3400,2.7000
10.01.2014 00:26:35.228,1.47870,1.47670,1.8700,2.8300
10.01.2014 00:26:36.604,1.47870,1.47670,2.0300,1.6400
10.01.2014 00:26:38.095,1.47870,1.47670,1.4000,2.2000
10.01.2014 00:26:39.550,1.47866,1.47666,1.5400,1.6900
10.01.2014 00:26:40.771,1.47866,1.47666,1.7500,2.4800
10.01.2014 00:26:42.076,1.47864,1.47664,1.2400,1.2300
10.01.2014 00:26:43.427,1.47862,1.47662,1.7200,1.0900
10.01.2014 00:26:44.776,1.47863,1.47663,2.4400,1.8200
10.01.2014 00:26:46.089,1.47863,1.47663,2.7400,2.9300
10.01.2014 00:26:47.477,1.47859,1.47659,1.2300,2.2400
10.01.2014 00:26:48.729,1.47860,1.47660,1.5100,1.4100
10.01.2014 00:26:50.078,1.47860,1.47660,2.4200,2.1800
10.01.2014 00:26:51.497,1.47858,1.47658,1.2100,2.5100
10.01.2014 00:26:52.910,1.47856,1.47656,1.9500,1.4100
10.01.2014 00:26:54.362,1.47856,1.47656,1.5700,1.5700
10.01.2014 00:26:55.711,1.47858,1.47658,2.7300,1.9400
10.01.2014 00:26:57.164,1.47856,1.47656,1.6200,1.6100
10.01.2014 00:26:58.564,1.47855,1.47655,2.8200,2.8200
10.01.2014 00:26:59.868,1.47856,1.47656,2.0600,1.4300
10.01.2014 00:27:01.300,1.47857,1.47657,2.7700,1.8500
10.01.2014 00:27:02.702,1.47856,1.47656,2.5300,2.3500
10.01.2014 00:27:04.035,1.47854,1.47654,1.6200,2.5700
10.01.2014 00:27:05.362,1.47852,1.47652,2.2600,1.1800
10.01.2014 00:27:06.825,1.47852,1.47652,2.8300,2.2100
10.01.2014 00:27:08.153,1.47850,1.47650,1.5300,1.3900
10.01.2014 00:27:09.628,1.47853,1.47653,2.2100,1.6100
10.01.2014 00:27:11.042,1.47855,1.47655,1.6400,2.9700
10.01.2014 00:27:12.419,1.47854,1.47654,2.2000,2.3800
10.01.2014 00:27:13.922,1.47853,1.47653,2.5300,2.8000
10.01.2014 00:27:15.503,1.47856,1.47656,1.8800,1.4400
10.01.2014 00:27:17.021,1.47854,1.47654,1.3900,2.7700
10.01.2014 00:27:18.402,1.47854,1.47654,1.7200,2.4700
10.01.2014 00:27:19.614,1.47856,1.47656,2.6400,2.2600
10.01.2014 00:27:21.058,1.47859,1.47659,1.2200,1.7100
10.01.2014 00:27:22.510,1.47860,1.47660,1.3700,1.0900
10.01.2014 00:27:23.914,1.47862,1.47662,2.6600,2.6300
10.01.2014 00:27:25.263,1.47860,1.47660,1.6300,2.4400
10.01.2014 00:27:26.564,1.47859,1.47659,2.6500,2.5400
10.01.2014 00:27:28.015,1.47857,1.47657,2.5500,1.3500
10.01.2014 00:27:29.307,1.47856,1.47656,2.5700,1.7400
10.01.2014 00:27:30.685,1.47857,1.47657,2.9700,2.9800
10.01.2014 00:27:32.075,1.47860,1.47660,1.3500,1.5500
10.01.2014 00:27:33.500,1.47859,1.47659,2.5000,2.0600
10.01.2014 00:27:34.826,1.47860,1.47660,1.4000,1.4200
10.01.2014 00:27:36.367,1.47859,1.47659,2.7600,1.6600
10.01.2014 00:27:37.940,1.47856,1.47656,2.6300,1.4600
10.01.2014 00:27:39.251,1.47856,1.47656,1.2900,1.7700
10.01.2014 00:27:40.642,1.47855,1.47655,1.0400,2.7700
10.01.2014 00:27:42.102,1.47853,1.47653,1.7100,2.1600
10.01.2014 00:27:43.380,1.47852,1.47652,2.9200,2.5000
10.01.2014 00:27:44.619,1.47852,1.47652,1.3500,2.9500
10.01.2014 00:27:46.045,1.47854,1.47654,1.9400,2.1000
10.01.2014 00:27:47.343,1.47851,1.47651,2.6300,1.2000
10.01.2014 00:27:48.799,1.47852,1.47652,2.8900,1.1600
10.01.2014 00:27:50.231,1.47852,1.47652,2.5400,1.8200
10.01.2014 00:27:51.761,1.47852,1.47652,1.6100,2.0800
10.01.2014 00:27:53.154,1.47850,1.47650,1.8200,1.3800
10.01.2014 00:27:54.504,1.47850,1.47650,2.3700,1.9900
10.01.2014 00:27:55.898,1.47852,1.47652,1.9500,1.1300
10.01.2014 00:27:57.243,1.47853,1.47653,1.3200,1.5700
10.01.2014 00:27:58.675,1.47853,1.47653,1.1500,1.7600
10.01.2014 00:28:00.029,1.47853,1.47653,2.3900,2.7100
10.01.2014 00:28:01.355,1.47851,1.47651,2.9900,1.2000
10.01.2014 00:28:02.694,1.47849,1.47649,2.7900,2.7900
10.01.2014 00:28:04.148,1.47850,1.47650,1.3600,2.4000
10.01.2014 00:28:05.480,1.47851,1.47651,1.1000,2.3300
10.01.2014 00:28:06.934,1.47847,1.47647,1.8700,1.7600
10.01.2014 00:28:08.284,1.47849,1.47649,1.1000,2.6100
10.01.2014 00:28:09.775,1.47849,1.47649,1.1000,1.3500
10.01.2014 00:28:11.204,1.47851,1.47651,2.3000,2.4600
10.01.2014 00:28:12.553,1.47850,1.47650,1.4900,1.8800
10.01.2014 00:28:13.923,1.47849,1.47649,2.5000,1.7000
10.01.2014 00:28:15.614,1.47849,1.47649,1.7400,1.5700
10.01.2014 00:28:17.001,1.47847,1.47647,1.0700,2.9300
10.01.2014 00:28:18.323,1.47844,1.47644,1.5800,2.2500
10.01.2014 00:28:19.695,1.47843,1.47643,1.4500,2.3700
10.01.2014 00:28:21.053,1.47844,1.47644,2.4800,2.7400
10.01.2014 00:28:22.645,1.47844,1.47644,2.4000,1.1600
10.01.2014 00:28:23.963,1.47846,1.47646,1.2000,2.2000
10.01.2014 00:28:25.483,1.47846,1.47646,1.2500,1.4200
10.01.2014 00:28:26.805,1.47849,1.47649,2.8900,2.7300
10.01.2014 00:28:28.091,1.47850,1.47650,1.0300,1.4400
10.01.2014 00:28:29.520,1.47848,1.47648,2.1400,2.0700
10.01.2014 00:28:30.742,1.47850,1.47650,2.7400,2.6700
10.01.2014 00:28:32.139,1.47851,1.47651,2.5500,2.7900
10.01.2014 00:28:33.581,1.47849,1.47649,2.8200,2.0400
10.01.2014 00:28:34.835,1.47851,1.47651,1.1200,2.5100
10.01.2014 00:28:36.385,1.47852,1.47652,2.0600,2.6100
10.01.2014 00:28:37.772,1.47850,1.47650,1.1100,2.5300
10.01.2014 00:28:39.174,1.47851,1.47651,2.7200,1.5800
10.01.2014 00:28:40.485,1.47852,1.47652,2.5900,1.0100
10.01.2014 00:28:41.839,1.47852,1.47652,2.8800,2.5500
10.01.2014 00:28:43.327,1.47851,1.47651,1.0300,1.9800
10.01.2014 00:28:44.529,1.47854,1.47654,2.4800,2.4900
10.01.2014 00:28:45.828,1.47853,1.47653,1.7600,1.6300
10.01.2014 00:28:47.133,1.47853,1.47653,2.9300,2.3100
10.01.2014 00:28:48.575,1.47852,1.47652,1.7300,2.1200
10.01.2014 00:28:49.989,1.47853,1.47653,2.2700,2.6500
10.01.2014 00:28:51.436,1.47853,1.47653,2.6000,1.8900
10.01.2014 00:28:52.932,1.47855,1.47655,1.0200,1.6600
10.01.2014 00:28:54.327,1.47852,1.47652,1.7400,2.4300
10.01.2014 00:28:55.746,1.47855,1.47655,1.2600,2.0900
10.01.2014 00:28:57.048,1.47853,1.47653,1.3400,2.1200
10.01.2014 00:28:58.513,1.47854,1.47654,2.1300,2.0100
10.01.2014 00:28:59.856,1.47855,1.47655,2.3000,2.0600
10.01.2014 00:29:01.264,1.47853,1.47653,1.5500,1.4100
10.01.2014 00:29:02.622,1.47853,1.47653,1.8400,1.3300
10.01.2014 00:29:04.112,1.47851,1.47651,1.8700,2.9700
10.01.2014 00:29:05.632,1.47849,1.47649,1.0000,2.5300
10.01.2014 00:29:06.976,1.47851,1.47651,2.0500,2.8000
10.01.2014 00:29:08.315,1.47853,1.47653,2.3200,2.0300
10.01.2014 00:29:09.502,1.47851,1.47651,1.1200,2.8400
10.01.2014 00:29:10.883,1.47851,1.47651,2.7400,2.5700
10.01.2014 00:29:12.279,1.47856,1.47656,2.7700,1.3800
10.01.2014 00:29:13.770,1.47859,1.47659,1.4000,1.8900
10.01.2014 00:29:15.261,1.47856,1.47656,2.7800,2.1600
10.01.2014 00:29:16.856,1.47856,1.47656,1.1900,1.2400
10.01.2014 00:29:18.250,1.47854,1.47654,1.8800,2.0900
10.01.2014 00:29:19.649,1.47851,1.47651,2.7300,2.5300
10.01.2014 00:29:21.141,1.47853,1.47653,2.1200,1.3900
10.01.2014 00:29:22.394,1.47851,1.47651,1.6900,2.1500
10.01.2014 00:29:23.666,1.47848,1.47648,2.8400,2.0500
10.01.2014 00:29:24.875,1.47850,1.47650,1.3200,1.9200
10.01.2014 00:29:26.376,1.47849,1.47649,1.2300,2.3000
10.01.2014 00:29:27.655,1.47847,1.47647,2.6600,1.0700
10.01.2014 00:29:28.905,1.47849,1.47649,1.7600,1.2400
10.01.2014 00:29:30.171,1.47850,1.47650,1.7600,2.2700
10.01.2014 00:29:31.470,1.47848,1.47648,1.4800,2.0900
10.01.2014 00:29:32.848,1.47848,1.47648,1.7200,2.0400
10.01.2014 00:29:34.357,1.47847,1.47647,1.8300,1.7000
10.01.2014 00:29:35.794,1.47850,1.47650,2.8300,1.7600
10.01.2014 00:29:37.019,1.47853,1.47653,2.4000,2.6900
10.01.2014 00:29:38.593,1.47851,1.47651,2.9500,2.7200
10.01.2014 00:29:40.223,1.47848,1.47648,1.4000,1.1800
10.01.2014 00:29:41.512,1.47848,1.47648,2.2500,1.8400
10.01.2014 00:29:42.905,1.47847,1.47647,2.1200,1.3400
10.01.2014 00:29:44.203,1.47846,1.47646,1.8800,2.5400
10.01.2014 00:29:45.605,1.47847,1.47647,1.6900,2.2000
10.01.2014 00:29:47.061,1.47847,1.47647,1.6200,1.1600
10.01.2014 00:29:48.555,1.47848,1.47648,2.4000,1.4800
10.01.2014 00:29:50.047,1.47847,1.47647,1.3800,1.1200
10.01.2014 00:29:51.485,1.47846,1.47646,1.6000,1.0100
10.01.2014 00:29:52.852,1.47846,1.47646,1.7300,2.1100
10.01.2014 00:29:54.321,1.47844,1.47644,1.8900,2.8400
10.01.2014 00:29:55.743,1.47845,1.47645,2.5600,2.8300
10.01.2014 00:29:57.132,1.47844,1.47644,2.8900,2.5800
10.01.2014 00:29:58.404,1.47843,1.47643,1.3500,2.0800
10.01.2014 00:29:59.877,1.47844,1.47644,1.4100,1.9600
10.01.2014 00:30:01.295,1.47843,1.47643,2.8800,2.0200
10.01.2014 00:30:02.785,1.47843,1.47643,2.4400,1.1200
10.01.2014 00:30:04.141,1.47844,1.47644,2.7800,1.3400
10.01.2014 00:30:05.584,1.47841,1.47641,2.7600,1.2400
10.01.2014 00:30:07.058,1.47840,1.47640,2.4900,2.8600
10.01.2014 00:30:08.519,1.47838,1.47638,2.8300,2.3400
10.01.2014 00:30:10.207,1.47838,1.47638,1.4300,2.4900
10.01.2014 00:30:11.590,1.47838,1.47638,1.4700,2.2900
10.01.2014 00:30:13.021,1.47840,1.47640,1.6600,1.4600
10.01.2014 00:30:14.439,1.47840,1.47640,2.3700,1.5200
10.01.2014 00:30:15.974,1.47839,1.47639,1.4600,2.9300
10.01.2014 00:30:17.414,1.47839,1.47639,1.0600,1.4000
10.01.2014 00:30:18.775,1.47839,1.47639,2.5000,2.6100
10.01.2014 00:30:20.110,1.47839,1.47639,2.0600,1.8500
10.01.2014 00:30:21.522,1.47838,1.47638,2.6800,1.1700
10.01.2014 00:30:22.973,1.47841,1.47641,2.9400,2.8100
10.01.2014 00:30:24.490,1.47841,1.47641,2.4800,2.4500
10.01.2014 00:30:25.997,1.47842,1.47642,2.0800,1.8500
10.01.2014 00:30:27.218,1.47844,1.47644,1.1600,2.4300
10.01.2014 00:30:28.757,1.47844,1.47644,2.6200,2.8700
10.01.2014 00:30:30.040,1.47843,1.47643,1.6300,2.2000
10.01.2014 00:30:31.362,1.47842,1.47642,2.3400,1.4900
10.01.2014 00:30:32.958,1.47842,1.47642,1.1000,1.7200
10.01.2014 00:30:34.489,1.47839,1.47639,1.9200,1.0700
10.01.2014 00:30:35.910,1.47840,1.47640,1.9500,2.0100
10.01.2014 00:30:37.097,1.47840,1.47640,2.3900,1.6400
10.01.2014 00:30:38.442,1.47838,1.47638,1.5700,2.8900
10.01.2014 00:30:39.908,1.47839,1.47639,1.2100,2.6600
10.01.2014 00:30:41.126,1.47838,1.47638,1.8700,1.3600
10.01.2014 00:30:42.585,1.47839,1.47639,2.2600,2.7000
10.01.2014 00:30:43.989,1.47840,1.47640,1.8200,2.3600
10.01.2014 00:30:45.330,1.47843,1.47643,2.9200,2.4000
10.01.2014 00:30:46.769,1.47843,1.47643,2.0200,2.2700
10.01.2014 00:30:48.208,1.47843,1.47643,1.5600,2.3100
10.01.2014 00:30:49.661,1.47846,1.47646,1.3900,2.8600
10.01.2014 00:30:51.087,1.47845,1.47645,1.1100,2.8200
10.01.2014 00:30:52.522,1.47845,1.47645,2.9900,2.5600
10.01.2014 00:30:53.747,1.47844,1.47644,1.1200,2.7600
10.01.2014 00:30:55.132,1.47847,1.47647,1.6600,1.4600
10.01.2014 00:30:56.627,1.47848,1.47648,2.2600,2.0000
10.01.2014 00:30:58.134,1.47846,1.47646,2.1400,1.6000
10.01.2014 00:30:59.580,1.47846,1.47646,2.6100,2.6800
10.01.2014 00:31:00.887,1.47845,1.47645,2.3000,1.6100
10.01.2014 00:31:02.294,1.47844,1.47644,2.1600,2.9000
10.01.2014 00:31:03.574,1.47845,1.47645,2.4600,1.4600
10.01.2014 00:31:04.971,1.47845,1.47645,1.5000,1.6200
10.01.2014 00:31:06.297,1.47847,1.47647,1.8000,2.2900
10.01.2014 00:31:07.479,1.47849,1.47649,1.5000,1.6700
10.01.2014 00:31:08.914,1.47851,1.47651,1.4000,1.8000
10.01.2014 00:31:10.317,1.47852,1.47652,1.0000,2.5800
10.01.2014 00:31:11.809,1.47854,1.47654,2.3000,2.6200
10.01.2014 00:31:13.209,1.47853,1.47653,2.9000,1.4000
10.01.2014 00:31:14.685,1.47855,1.47655,1.9600,2.4200
10.01.2014 00:31:15.929,1.47855,1.47655,2.0700,2.9200
10.01.2014 00:31:17.395,1.47856,1.47656,2.6700,1.5900
10.01.2014 00:31:18.875,1.47855,1.47655,2.5000,2.8500
10.01.2014 00:31:20.237,1.47855,1.47655,1.4600,1.7000
10.01.2014 00:31:21.559,1.47856,1.47656,1.9600,2.1100
10.01.2014 00:31:23.252,1.47858,1.47658,2.0000,1.7200
10.01.2014 00:31:24.661,1.47856,1.47656,2.9900,1.2200
10.01.2014 00:31:26.111,1.47856,1.47656,1.1900,2.8900
10.01.2014 00:31:27.576,1.47858,1.47658,1.7200,1.1300
10.01.2014 00:31:28.826,1.47858,1.47658,1.3400,1.8000
10.01.2014 00:31:30.281,1.47857,1.47657,1.3200,2.0400
10.01.2014 00:31:31.665,1.47857,1.47657,1.4200,1.2700
10.01.2014 00:31:33.035,1.47857,1.47657,1.3100,2.1600
10.01.2014 00:31:34.297,1.47856,1.47656,2.6600,2.5100
10.01.2014 00:31:35.752,1.47854,1.47654,1.4400,1.9300
10.01.2014 00:31:37.035,1.47855,1.47655,1.7000,1.7800
10.01.2014 00:31:38.576,1.47853,1.47653,2.6400,1.4900
10.01.2014 00:31:39.829,1.47854,1.47654,2.6800,1.0100
10.01.2014 00:31:41.154,1.47854,1.47654,2.9200,2.3400
10.01.2014 00:31:42.525,1.47852,1.47652,1.0200,1.1200
10.01.2014 00:31:43.887,1.47851,1.47651,1.8200,2.6200
10.01.2014 00:31:45.158,1.47850,1.47650,2.7600,2.9100
10.01.2014 00:31:46.450,1.47851,1.47651,1.3200,2.5400
10.01.2014 00:31:47.728,1.47851,1.47651,1.3600,1.1400
10.01.2014 00:31:49.162,1.47853,1.47653,1.4300,2.7200
10.01.2014 00:31:50.424,1.47853,1.47653,2.2700,2.4600
10.01.2014 00:31:51.837,1.47853,1.47653,1.7400,2.4800
10.01.2014 00:31:53.110,1.47854,1.47654,1.9300,2.6500
10.01.2014 00:31:54.422,1.47852,1.47652,1.8500,2.5100
10.01.2014 00:31:55.880,1.47854,1.47654,1.9400,1.9300
10.01.2014 00:31:57.272,1.47855,1.47655,1.5300,2.5600
10.01.2014 00:31:58.658,1.47855,1.47655,1.0400,1.9200
10.01.2014 00:32:00.040,1.47853,1.47653,2.8700,2.8400
10.01.2014 00:32:01.368,1.47852,1.47652,1.5800,1.9600
10.01.2014 00:32:02.687,1.47852,1.47652,2.5400,2.3700
10.01.2014 00:32:04.026,1.47852,1.47652,1.7000,1.1400
10.01.2014 00:32:05.403,1.47848,1.47648,1.7500,1.3400
10.01.2014 00:32:06.851,1.47851,1.47651,1.0300,1.6100
10.01.2014 00:32:08.315,1.47854,1.47654,2.1600,1.0600
10.01.2014 00:32:09.569,1.47854,1.47654,1.5300,2.1400
10.01.2014 00:32:11.071,1.47857,1.47657,2.3200,2.0300
10.01.2014 00:32:12.573,1.47858,1.47658,2.2200,2.2500
10.01.2014 00:32:14.252,1.47859,1.47659,2.6400,2.4400
10.01.2014 00:32:15.643,1.47862,1.47662,2.1900,2.8600
10.01.2014 00:32:17.245,1.47863,1.47663,2.0500,2.7900
10.01.2014 00:32:18.666,1.47862,1.47662,2.5100,2.4600
10.01.2014 00:32:20.105,1.47864,1.47664,2.7800,2.9800
10.01.2014 00:32:21.522,1.47867,1.47667,1.1000,2.6600
10.01.2014 00:32:22.890,1.47870,1.47670,2.6600,1.9300
10.01.2014 00:32:24.435,1.47870,1.47670,2.9900,2.9600
10.01.2014 00:32:25.725,1.47869,1.47669,1.5500,2.0500
10.01.2014 00:32:27.168,1.47868,1.47668,1.4900,2.6900
10.01.2014 00:32:28.568,1.47867,1.47667,1.7000,1.4500
10.01.2014 00:32:29.788,1.47866,1.47666,2.9300,1.0400
10.01.2014 00:32:31.206,1.47868,1.47668,2.9100,1.9000
10.01.2014 00:32:32.589,1.47865,1.47665,2.2000,1.7200
10.01.2014 00:32:33.994,1.47865,1.47665,2.4700,2.4100
10.01.2014 00:32:35.312,1.47866,1.47666,1.2100,2.0600
10.01.2014 00:32:36.791,1.47862,1.47662,2.5400,1.1700
10.01.2014 00:32:38.136,1.47864,1.47664,2.3100,1.4300
10.01.2014 00:32:39.641,1.47862,1.47662,1.4600,1.9800
10.01.2014 00:32:40.826,1.47862,1.47662,1.1300,1.6600
10.01.2014 00:32:42.185,1.47863,1.47663,2.7300,2.1900
10.01.2014 00:32:43.480,1.47863,1.47663,2.3600,1.7900
10.01.2014 00:32:44.716,1.47863,1.47663,1.9000,2.8100
10.01.2014 00:32:45.981,1.47865,1.47665,2.4900,1.2700
10.01.2014 00:32:47.511,1.47864,1.47664,1.3700,1.1800
10.01.2014 00:32:48.914,1.47864,1.47664,2.1800,1.5700
10.01.2014 00:32:50.306,1.47864,1.47664,1.7900,2.0900
10.01.2014 00:32:51.760,1.47861,1.47661,2.5200,1.2300
10.01.2014 00:32:53.178,1.47861,1.47661,1.0000,2.0700
10.01.2014 00:32:54.566,1.47865,1.47665,2.4100,1.9400
10.01.2014 00:32:55.946,1.47865,1.47665,2.3100,1.9600
10.01.2014 00:32:57.402,1.47869,1.47669,1.2100,2.4000
10.01.2014 00:32:58.834,1.47867,1.47667,2.0200,2.3700
10.01.2014 00:33:00.272,1.47867,1.47667,2.7000,1.0900
10.01.2014 00:33:01.698,1.47867,1.47667,2.1200,2.7800
10.01.2014 00:33:03.070,1.47868,1.47668,1.0000,1.4500
10.01.2014 00:33:04.552,1.47868,1.47668,2.2400,1.3700
10.01.2014 00:33:05.848,1.47869,1.47669,1.6400,2.1400
10.01.2014 00:33:07.323,1.47871,1.47671,1.1100,2.0300
10.01.2014 00:33:08.571,1.47871,1.47671,2.8900,2.2900
10.01.2014 00:33:09.913,1.47869,1.47669,2.1400,2.5800
10.01.2014 00:33:11.364,1.47869,1.47669,1.5900,1.4900
10.01.2014 00:33:12.828,1.47873,1.47673,1.9600,1.1000
10.01.2014 00:33:14.317,1.47872,1.47672,2.8300,2.7400
10.01.2014 00:33:15.798,1.47874,1.47674,2.5100,2.4400
10.01.2014 00:33:17.233,1.47875,1.47675,1.4200,2.2100
10.01.2014 00:33:18.662,1.47875,1.47675,1.5200,1.6600
10.01.2014 00:33:19.954,1.47876,1.47676,1.9200,1.1100
10.01.2014 00:33:21.174,1.47875,1.47675,2.0500,2.1300
10.01.2014 00:33:22.658,1.47874,1.47674,1.2000,2.3600
10.01.2014 00:33:24.048,1.47874,1.47674,1.7200,1.1100
10.01.2014 00:33:25.463,1.47872,1.47672,2.1400,1.0700
10.01.2014 00:33:27.013,1.47870,1.47670,1.1200,2.6000
10.01.2014 00:33:28.425,1.47868,1.47668,1.5300,2.5700
10.01.2014 00:33:29.743,1.47869,1.47669,2.9800,1.0200
10.01.2014 00:33:31.006,1.47870,1.47670,1.1600,2.4900
10.01.2014 00:33:32.451,1.47872,1.47672,1.1500,2.5500
10.01.2014 00:33:33.739,1.47869,1.47669,1.6100,1.8400
10.01.2014 00:33:35.068,1.47867,1.47667,1.6500,1.1000
10.01.2014 00:33:36.272,1.47867,1.47667,1.2600,2.0200
10.01.2014 00:33:37.623,1.47871,1.47671,1.0100,1.3700
10.01.2014 00:33:39.014,1.47870,1.47670,1.4600,2.4100
10.01.2014 00:33:40.632,1.47868,1.47668,1.7000,1.0600
10.01.2014 00:33:41.980,1.47870,1.47670,1.5100,2.8700
10.01.2014 00:33:43.422,1.47870,1.47670,1.0500,2.1300
10.01.2014 00:33:44.685,1.47867,1.47667,2.9700,1.8200
10.01.2014 00:33:45.972,1.47865,1.47665,2.3200,1.9500
10.01.2014 00:33:47.556,1.47868,1.47668,1.1900,1.5100
10.01.2014 00:33:48.774,1.47869,1.47669,2.6700,2.5900
10.01.2014 00:33:50.130,1.47867,1.47667,1.1600,1.6100
10.01.2014 00:33:51.579,1.47867,1.47667,1.0400,2.9300
10.01.2014 00:33:53.080,1.47868,1.47668,2.2100,1.1400
10.01.2014 00:33:54.493,1.47868,1.47668,1.6800,1.8500
10.01.2014 00:33:55.946,1.47871,1.47671,1.9900,2.4900
10.01.2014 00:33:57.444,1.47872,1.47672,2.0600,1.8000
10.01.2014 00:33:58.872,1.47872,1.47672,1.4300,1.9100
10.01.2014 00:34:00.210,1.47872,1.47672,1.2300,1.2200
10.01.2014 00:34:01.562,1.47870,1.47670,1.4200,1.6400
10.01.2014 00:34:03.034,1.47871,1.47671,1.5400,2.1800
10.01.2014 00:34:04.273,1.47872,1.47672,1.3200,2.4100
10.01.2014 00:34:05.662,1.47875,1.47675,1.1400,1.6300
10.01.2014 00:34:07.244,1.47872,1.47672,1.9500,1.6800
10.01.2014 00:34:08.633,1.47870,1.47670,2.1000,1.1600
10.01.2014 00:34:09.843,1.47871,1.47671,2.0500,2.5700
10.01.2014 00:34:11.322,1.47872,1.47672,2.7100,1.0200
10.01.2014 00:34:12.744,1.47871,1.47671,1.4900,2.4800
10.01.2014 00:34:14.203,1.47871,1.47671,1.4900,2.4000
10.01.2014 00:34:15.534,1.47871,1.47671,1.8000,1.1000
10.01.2014 00:34:16.967,1.47870,1.47670,2.4900,2.7100
10.01.2014 00:34:18.484,1.47871,1.47671,1.3300,2.4100
10.01.2014 00:34:20.013,1.47870,1.47670,2.4800,2.1700
10.01.2014 00:34:21.369,1.47871,1.47671,1.8800,2.6100
10.01.2014 00:34:22.776,1.47869,1.47669,1.1200,1.8000
10.01.2014 00:34:24.219,1.47867,1.47667,2.3500,1.2100
10.01.2014 00:34:25.750,1.47863,1.47663,2.7000,1.4200
10.01.2014 00:34:27.347,1.47866,1.47666,1.0500,1.0000
10.01.2014 00:34:28.705,1.47864,1.47664,2.3400,1.9600
10.01.2014 00:34:30.128,1.47866,1.47666,1.8300,1.8000
10.01.2014 00:34:31.600,1.47862,1.47662,2.1300,1.2600
10.01.2014 00:34:32.963,1.47864,1.47664,2.8800,1.2000
10.01.2014 00:34:34.384,1.47865,1.47665,1.2500,2.0300
10.01.2014 00:34:35.835,1.47866,1.47666,2.2300,2.1500
10.01.2014 00:34:37.343,1.47866,1.47666,2.1000,2.6300
10.01.2014 00:34:38.691,1.47870,1.47670,1.8800,1.7900
10.01.2014 00:34:40.154,1.47870,1.47670,1.8200,1.6100
10.01.2014 00:34:41.399,1.47869,1.47669,2.0800,1.1600
10.01.2014 00:34:42.858,1.47866,1.47666,2.7200,1.0600
10.01.2014 00:34:44.317,1.47863,1.47663,2.6800,2.6000
10.01.2014 00:34:45.963,1.47869,1.47669,1.4900,2.2000
10.01.2014 00:34:47.451,1.47869,1.47669,2.7900,1.6400
10.01.2014 00:34:48.822,1.47871,1.47671,2.9800,1.1100
10.01.2014 00:34:50.280,1.47871,1.47671,1.2900,1.1900
10.01.2014 00:34:51.741,1.47868,1.47668,1.3000,2.3400
10.01.2014 00:34:53.136,1.47871,1.47671,2.9400,1.9600
10.01.2014 00:34:54.561,1.47870,1.47670,1.7000,2.0700
10.01.2014 00:34:56.005,1.47869,1.47669,1.2300,1.5500
10.01.2014 00:34:57.506,1.47870,1.47670,1.5300,1.5700
10.01.2014 00:34:58.798,1.47869,1.47669,2.4800,1.4000
10.01.2014 00:35:00.155,1.47867,1.47667,2.3200,1.8500
10.01.2014 00:35:01.582,1.47866,1.47666,1.9100,2.0600
10.01.2014 00:35:03.027,1.47866,1.47666,1.0300,2.6600
10.01.2014 00:35:04.417,1.47864,1.47664,1.9300,1.6800
10.01.2014 00:35:05.898,1.47868,1.47668,1.0100,2.1100
10.01.2014 00:35:07.410,1.47868,1.47668,2.0200,1.7300
10.01.2014 00:35:08.828,1.47867,1.47667,1.7700,1.7900
10.01.2014 00:35:10.385,1.47868,1.47668,2.7400,1.0800
10.01.2014 00:35:11.789,1.47867,1.47667,2.3700,2.7200
10.01.2014 00:35:13.352,1.47862,1.47662,2.0100,1.9300
10.01.2014 00:35:14.778,1.47861,1.47661,1.7500,2.8600
10.01.2014 00:35:16.146,1.47863,1.47663,2.9100,2.3600
10.01.2014 00:35:17.443,1.47864,1.47664,2.0500,1.6700
10.01.2014 00:35:18.729,1.47864,1.47664,1.0700,1.8400
10.01.2014 00:35:20.080,1.47864,1.47664,2.3400,1.1000
10.01.2014 00:35:21.498,1.47867,1.47667,2.9100,3.0000
10.01.2014 00:35:23.005,1.47869,1.47669,1.9800,1.6400
10.01.2014 00:35:24.267,1.47869,1.47669,2.5300,1.8600
10.01.2014 00:35:25.662,1.47868,1.47668,1.9000,1.8300
10.01.2014 00:35:27.069,1.47867,1.47667,1.7400,2.0600
10.01.2014 00:35:28.475,1.47868,1.47668,2.8200,2.3200
10.01.2014 00:35:30.005,1.47866,1.47666,2.1000,1.4400
10.01.2014 00:35:31.474,1.47866,1.47666,1.9700,1.4600
10.01.2014 00:35:32.906,1.47864,1.47664,2.2400,1.1500
10.01.2014 00:35:34.445,1.47866,1.47666,1.8400,2.6600
10.01.2014 00:35:35.694,1.47868,1.47668,2.0000,2.4400
10.01.2014 00:35:37.091,1.47869,1.47669,1.4000,1.0900
10.01.2014 00:35:38.716,1.47870,1.47670,2.0700,2.8300
10.01.2014 00:35:40.081,1.47870,1.47670,2.8800,2.5500
10.01.2014 00:35:41.624,1.47870,1.47670,2.4400,2.6200
10.01.2014 00:35:43.030,1.47873,1.47673,2.2500,1.0100
10.01.2014 00:35:44.439,1.47872,1.47672,1.1800,2.6900
10.01.2014 00:35:45.788,1.47871,1.47671,2.5200,2.0600
10.01.2014 00:35:47.213,1.47873,1.47673,2.4700,1.0900
10.01.2014 00:35:48.606,1.47874,1.47674,2.5800,2.8900
10.01.2014 00:35:50.087,1.47876,1.47676,2.3900,1.3800
10.01.2014 00:35:51.621,1.47876,1.47676,2.4200,2.9800
10.01.2014 00:35:52.954,1.47876,1.47676,1.6500,2.6000
10.01.2014 00:35:54.385,1.47877,1.47677,2.5400,2.9400
10.01.2014 00:35:55.737,1.47876,1.47676,2.5500,2.8300
10.01.2014 00:35:57.022,1.47877,1.47677,1.2800,1.9900
10.01.2014 00:35:58.461,1.47875,1.47675,1.3600,1.7700
10.01.2014 00:35:59.824,1.47873,1.47673,2.5500,2.7900
10.01.2014 00:36:01.148,1.47874,1.47674,1.4200,2.4400
10.01.2014 00:36:02.625,1.47870,1.47670,1.4600,2.0700
10.01.2014 00:36:04.173,1.47868,1.47668,1.2500,2.9300
10.01.2014 00:36:05.617,1.47870,1.47670,1.5400,1.7800
10.01.2014 00:36:06.818,1.47872,1.47672,1.6700,1.5400
10.01.2014 00:36:08.265,1.47871,1.47671,2.7500,2.0200
10.01.2014 00:36:09.624,1.47871,1.47671,1.5200,2.2900
10.01.2014 00:36:11.141,1.47870,1.47670,2.4600,1.5400
10.01.2014 00:36:12.542,1.47868,1.47668,1.8200,1.1500
10.01.2014 00:36:13.994,1.47869,1.47669,2.2800,1.8500
10.01.2014 00:36:15.520,1.47871,1.47671,1.4800,1.4200
10.01.2014 00:36:16.903,1.47872,1.47672,1.1800,1.3000
10.01.2014 00:36:18.366,1.47870,1.47670,2.7900,1.2300
10.01.2014 00:36:19.656,1.47868,1.47668,1.0100,1.9300
10.01.2014 00:36:20.961,1.47868,1.47668,2.9500,2.8900
10.01.2014 00:36:22.345,1.47866,1.47666,1.8700,2.7300
10.01.2014 00:36:23.796,1.47865,1.47665,1.9800,1.5300
10.01.2014 00:36:25.323,1.47864,1.47664,1.5500,1.0300
10.01.2014 00:36:26.856,1.47861,1.47661,1.9400,1.7300
10.01.2014 00:36:28.301,1.47860,1.47660,1.0300,2.2500
10.01.2014 00:36:29.674,1.47860,1.47660,2.4000,2.7200
10.01.2014 00:36:31.013,1.47860,1.47660,1.2900,2.0300
10.01.2014 00:36:32.289,1.47861,1.47661,2.7700,1.4200
10.01.2014 00:36:33.898,1.47862,1.47662,2.8200,1.5600
10.01.2014 00:36:35.237,1.47864,1.47664,2.7200,1.2700
10.01.2014 00:36:36.570,1.47865,1.47665,1.6100,2.2100
10.01.2014 00:36:37.938,1.47863,1.47663,2.4400,1.1400
10.01.2014 00:36:39.441,1.47863,1.47663,2.8600,1.0900
10.01.2014 00:36:40.750,1.47861,1.47661,1.1000,1.8100
10.01.2014 00:36:41.926,1.47860,1.47660,2.7700,2.4700
10.01.2014 00:36:43.509,1.47860,1.47660,2.2500,2.3500
10.01.2014 00:36:45.007,1.47859,1.47659,2.1400,2.7900
10.01.2014 00:36:46.392,1.47859,1.47659,2.4400,1.6900
10.01.2014 00:36:47.771,1.47859,1.47659,1.7400,1.4500
10.01.2014 00:36:49.101,1.47856,1.47656,1.2300,2.5900
10.01.2014 00:36:50.343,1.47859,1.47659,1.3200,2.5000
10.01.2014 00:36:51.541,1.47861,1.47661,2.8300,1.0200
10.01.2014 00:36:52.995,1.47861,1.47661,2.6600,2.0600
10.01.2014 00:36:54.337,1.47864,1.47664,2.1400,2.0900
10.01.2014 00:36:55.977,1.47865,1.47665,2.3800,1.0100
10.01.2014 00:36:57.542,1.47864,1.47664,2.6400,2.1400
10.01.2014 00:36:58.829,1.47863,1.47663,2.4300,1.4700
10.01.2014 00:37:00.362,1.47865,1.47665,2.1000,1.6600
10.01.2014 00:37:01.827,1.47863,1.47663,2.9000,1.1800
10.01.2014 00:37:03.285,1.47863,1.47663,1.2200,2.9600
10.01.2014 00:37:04.825,1.47865,1.47665,2.7500,1.3800
10.01.2014 00:37:06.289,1.47864,1.47664,2.3600,1.2900
10.01.2014 00:37:07.667,1.47864,1.47664,1.1500,2.1900
10.01.2014 00:37:09.034,1.47863,1.47663,2.6300,1.4900
10.01.2014 00:37:10.369,1.47864,1.47664,1.1800,1.7300
10.01.2014 00:37:11.753,1.47866,1.47666,1.1800,2.3100
10.01.2014 00:37:13.137,1.47865,1.47665,1.5900,1.2700
10.01.2014 00:37:14.541,1.47864,1.47664,2.3600,1.7200
10.01.2014 00:37:16.013,1.47864,1.47664,1.5300,2.3100
10.01.2014 00:37:17.370,1.47862,1.47662,1.2600,3.0000
10.01.2014 00:37:18.653,1.47863,1.47663,2.0000,3.0000
10.01.2014 00:37:20.220,1.47866,1.47666,2.8600,1.6600
10.01.2014 00:37:21.783,1.47864,1.47664,2.7100,1.0800
10.01.2014 00:37:23.110,1.47862,1.47662,1.3400,2.9700
10.01.2014 00:37:24.579,1.47861,1.47661,1.3900,1.3100
10.01.2014 00:37:26.159,1.47861,1.47661,1.2700,2.6800
10.01.2014 00:37:27.691,1.47860,1.47660,2.2700,1.1100
10.01.2014 00:37:29.177,1.47860,1.47660,2.3100,2.0500
10.01.2014 00:37:30.667,1.47858,1.47658,2.1500,2.4800
10.01.2014 00:37:32.168,1.47856,1.47656,1.8700,2.5700
10.01.2014 00:37:33.443,1.47856,1.47656,1.6400,1.2100
10.01.2014 00:37:34.634,1.47857,1.47657,1.6300,1.4000
10.01.2014 00:37:36.131,1.47859,1.47659,1.5500,2.5900
10.01.2014 00:37:37.492,1.47859,1.47659,1.3100,2.2300
10.01.2014 00:37:38.991,1.47860,1.47660,1.2800,1.9000
10.01.2014 00:37:40.500,1.47861,1.47661,1.3100,1.5100
10.01.2014 00:37:42.008,1.47861,1.47661,2.5600,2.9500
10.01.2014 00:37:43.341,1.47861,1.47661,2.3900,1.4100
10.01.2014 00:37:44.827,1.47865,1.47665,2.9100,1.3400
10.01.2014 00:37:46.197,1.47864,1.47664,1.1300,1.9500
10.01.2014 00:37:47.378,1.47864,1.47664,1.9600,1.3800
10.01.2014 00:37:48.568,1.47863,1.47663,1.0800,2.6000
10.01.2014 00:37:49.970,1.47863,1.47663,2.5800,2.3200
10.01.2014 00:37:51.423,1.47861,1.47661,2.5900,2.9600
10.01.2014 00:37:52.766,1.47862,1.47662,1.1800,2.9800
10.01.2014 00:37:54.377,1.47861,1.47661,2.9000,2.5100
10.01.2014 00:37:55.771,1.47863,1.47663,1.3400,1.6900
10.01.2014 00:37:57.343,1.47864,1.47664,2.1200,1.8200
10.01.2014 00:37:58.589,1.47865,1.47665,1.0800,1.0400
10.01.2014 00:37:59.701,1.47864,1.47664,2.4000,1.9200
10.01.2014 00:38:00.999,1.47863,1.47663,1.7800,1.7500
10.01.2014 00:38:02.237,1.47865,1.47665,2.7500,1.2700
10.01.2014 00:38:03.636,1.47865,1.47665,1.5900,2.3300
10.01.2014 00:38:05.133,1.47869,1.47669,2.0700,1.0700
10.01.2014 00:38:06.566,1.47868,1.47668,2.2000,1.5700
10.01.2014 00:38:07.776,1.47866,1.47666,2.3700,1.4600
10.01.2014 00:38:09.012,1.47867,1.47667,2.5800,1.7300
10.01.2014 00:38:10.398,1.47866,1.47666,2.0300,2.0300
10.01.2014 00:38:11.934,1.47864,1.47664,2.0100,1.2800
10.01.2014 00:38:13.380,1.47867,1.47667,2.7200,2.9700
10.01.2014 00:38:14.809,1.47868,1.47668,1.2700,2.0100
10.01.2014 00:38:16.227,1.47869,1.47669,1.6900,2.5800
10.01.2014 00:38:17.505,1.47867,1.47667,1.8200,1.6600
10.01.2014 00:38:18.878,1.47869,1.47669,1.3500,2.5200
10.01.2014 00:38:20.166,1.47869,1.47669,1.1300,1.8300
10.01.2014 00:38:21.570,1.47867,1.47667,1.6800,2.7500
10.01.2014 00:38:23.029,1.47866,1.47666,1.5100,2.4100
10.01.2014 00:38:24.458,1.47866,1.47666,1.7900,2.9000
10.01.2014 00:38:25.923,1.47865,1.47665,1.1100,1.3200
10.01.2014 00:38:27.234,1.47865,1.47665,1.7900,1.8400
10.01.2014 00:38:28.677,1.47863,1.47663,2.1200,2.4500
10.01.2014 00:38:29.941,1.47861,1.47661,2.5400,2.0500
10.01.2014 00:38:31.228,1.47860,1.47660,1.6000,2.1600
10.01.2014 00:38:32.757,1.47858,1.47658,1.8200,2.3900
10.01.2014 00:38:34.140,1.47859,1.47659,2.8100,1.7600
10.01.2014 00:38:35.284,1.47859,1.47659,2.3000,2.0500
10.01.2014 00:38:36.577,1.47858,1.47658,1.5700,2.5300
10.01.2014 00:38:37.926,1.47862,1.47662,2.1500,1.8600
10.01.2014 00:38:39.382,1.47865,1.47665,1.4300,1.7900
10.01.2014 00:38:40.787,1.47865,1.47665,1.2000,1.8600
10.01.2014 00:38:42.025,1.47867,1.47667,1.1400,1.5900
10.01.2014 00:38:43.454,1.47865,1.47665,2.2700,2.6800
10.01.2014 00:38:44.805,1.47866,1.47666,2.7800,2.5200
10.01.2014 00:38:46.229,1.47865,1.47665,1.6800,2.4600
10.01.2014 00:38:47.724,1.47866,1.47666,1.9200,2.5300
10.01.2014 00:38:49.056,1.47865,1.47665,2.9700,1.2700
10.01.2014 00:38:50.518,1.47866,1.47666,1.0600,1.3900
10.01.2014 00:38:51.812,1.47866,1.47666,1.4300,2.1200
10.01.2014 00:38:53.202,1.47868,1.47668,1.8000,1.8800
10.01.2014 00:38:54.773,1.47869,1.47669,1.4900,2.4700
10.01.2014 00:38:56.352,1.47870,1.47670,1.4200,2.4800
10.01.2014 00:38:57.674,1.47870,1.47670,1.0400,2.5600
10.01.2014 00:38:58.891,1.47870,1.47670,2.8800,1.7300
10.01.2014 00:39:00.373,1.47872,1.47672,1.0100,1.8800
10.01.2014 00:39:01.808,1.47872,1.47672,1.5500,1.2300
10.01.2014 00:39:03.092,1.47872,1.47672,1.6600,1.6800
10.01.2014 00:39:04.357,1.47870,1.47670,1.5200,1.2300
10.01.2014 00:39:05.653,1.47867,1.47667,2.7300,1.1400
10.01.2014 00:39:07.227,1.47865,1.47665,2.2100,2.8400
10.01.2014 00:39:08.559,1.47867,1.47667,2.2400,1.4300
10.01.2014 00:39:10.042,1.47867,1.47667,1.5300,1.3900
10.01.2014 00:39:11.238,1.47868,1.47668,2.7800,1.3100
10.01.2014 00:39:12.688,1.47869,1.47669,2.5000,2.2600
10.01.2014 00:39:14.079,1.47866,1.47666,2.3900,2.7300
10.01.2014 00:39:15.586,1.47864,1.47664,1.1800,2.3600
10.01.2014 00:39:17.040,1.47861,1.47661,1.6900,1.4700
10.01.2014 00:39:18.417,1.47860,1.47660,2.9200,2.8400
10.01.2014 00:39:19.801,1.47860,1.47660,1.5300,1.2200
10.01.2014 00:39:21.278,1.47859,1.47659,1.0800,2.0500
10.01.2014 00:39:22.806,1.47858,1.47658,2.1300,2.3900
10.01.2014 00:39:24.322,1.47859,1.47659,2.2600,2.1300
10.01.2014 00:39:26.014,1.47862,1.47662,2.6700,2.1500
10.01.2014 00:39:27.436,1.47858,1.47658,1.4100,1.2200
10.01.2014 00:39:28.850,1.47857,1.47657,1.9000,2.3500
10.01.2014 00:39:30.353,1.47855,1.47655,2.4300,2.4500
10.01.2014 00:39:31.733,1.47854,1.47654,1.0700,2.1900
10.01.2014 00:39:32.895,1.47857,1.47657,2.1800,2.6000
10.01.2014 00:39:34.294,1.47857,1.47657,2.1200,2.9500
10.01.2014 00:39:35.571,1.47856,1.47656,2.0600,1.1200
10.01.2014 00:39:36.939,1.47858,1.47658,1.6600,2.4500
10.01.2014 00:39:38.456,1.47860,1.47660,2.7300,2.2200
10.01.2014 00:39:39.766,1.47859,1.47659,2.7300,1.7400
10.01.2014 00:39:41.178,1.47858,1.47658,1.2500,1.5600
10.01.2014 00:39:42.551,1.47855,1.47655,2.7000,2.9700
10.01.2014 00:39:43.929,1.47858,1.47658,2.4800,2.8500
10.01.2014 00:39:45.428,1.47858,1.47658,1.7200,1.8100
10.01.2014 00:39:46.852,1.47857,1.47657,1.8700,1.3800
10.01.2014 00:39:48.209,1.47860,1.47660,2.4900,1.4300
10.01.2014 00:39:49.616,1.47862,1.47662,2.5400,1.8600
10.01.2014 00:39:51.017,1.47863,1.47663,1.2800,1.7300
10.01.2014 00:39:52.611,1.47865,1.47665,2.6400,1.0900
10.01.2014 00:39:54.050,1.47867,1.47667,1.8400,2.3600
10.01.2014 00:39:55.387,1.47868,1.47668,2.9500,1.2100
10.01.2014 00:39:56.905,1.47870,1.47670,2.0500,2.9800
10.01.2014 00:39:58.304,1.47871,1.47671,2.5900,1.4400
10.01.2014 00:39:59.744,1.47872,1.47672,1.5000,2.0600
10.01.2014 00:40:01.326,1.47870,1.47670,2.0100,1.7500
10.01.2014 00:40:02.899,1.47870,1.47670,1.3900,2.7100
10.01.2014 00:40:04.357,1.47867,1.47667,1.5400,2.3900
10.01.2014 00:40:05.816,1.47869,1.47669,2.9300,2.9100
10.01.2014 00:40:07.209,1.47872,1.47672,2.7200,1.2600
10.01.2014 00:40:08.619,1.47873,1.47673,2.3400,1.4400
10.01.2014 00:40:09.976,1.47873,1.47673,2.3900,1.4500
10.01.2014 00:40:11.298,1.47874,1.47674,1.3600,2.3700
10.01.2014 00:40:12.689,1.47874,1.47674,2.1600,2.3400
10.01.2014 00:40:14.179,1.47871,1.47671,1.8400,2.1500
10.01.2014 00:40:15.487,1.47870,1.47670,2.2900,2.9200
10.01.2014 00:40:16.898,1.47870,1.47670,2.7400,1.8500
10.01.2014 00:40:18.244,1.47870,1.47670,2.3900,1.1800
10.01.2014 00:40:19.632,1.47871,1.47671,1.7300,1.5500
10.01.2014 00:40:21.077,1.47870,1.47670,2.9100,1.3100
10.01.2014 00:40:22.352,1.47871,1.47671,1.3600,2.8900
10.01.2014 00:40:23.750,1.47871,1.47671,1.2000,1.1300
10.01.2014 00:40:25.102,1.47871,1.47671,1.4800,1.5400
10.01.2014 00:40:26.502,1.47870,1.47670,1.9300,1.2700
10.01.2014 00:40:27.966,1.47873,1.47673,2.1200,1.6600
10.01.2014 00:40:29.643,1.47875,1.47675,2.3600,1.9600
10.01.2014 00:40:30.929,1.47878,1.47678,2.3300,1.2100
10.01.2014 00:40:32.443,1.47879,1.47679,2.3400,2.1900
10.01.2014 00:40:34.042,1.47881,1.47681,1.1400,1.5000
10.01.2014 00:40:35.425,1.47879,1.47679,1.2400,2.5200
10.01.2014 00:40:36.878,1.47881,1.47681,1.8400,2.7200
10.01.2014 00:40:38.347,1.47881,1.47681,1.1300,2.6600
10.01.2014 00:40:39.483,1.47881,1.47681,1.0900,2.8900
10.01.2014 00:40:40.980,1.47881,1.47681,2.6500,1.1400
10.01.2014 00:40:42.273,1.47881,1.47681,1.8100,1.2200
10.01.2014 00:40:43.608,1.47878,1.47678,2.5400,2.6200
10.01.2014 00:40:44.820,1.47876,1.47676,1.8200,2.4600
10.01.2014 00:40:46.243,1.47874,1.47674,1.7400,1.7300
10.01.2014 00:40:47.678,1.47873,1.47673,1.4900,2.6000
10.01.2014 00:40:49.305,1.47872,1.47672,2.4100,2.9300
10.01.2014 00:40:50.676,1.47868,1.47668,1.1400,1.1400
10.01.2014 00:40:52.243,1.47867,1.47667,2.4800,1.0200
10.01.2014 00:40:53.639,1.47868,1.47668,1.0200,2.9300
10.01.2014 00:40:55.070,1.47868,1.47668,1.8300,2.4000
10.01.2014 00:40:56.502,1.47867,1.47667,2.1400,2.5200
10.01.2014 00:40:58.024,1.47865,1.47665,1.1300,2.5800
10.01.2014 00:40:59.471,1.47868,1.47668,1.1500,1.3500
10.01.2014 00:41:00.847,1.47869,1.47669,1.2500,1.8100
10.01.2014 00:41:02.157,1.47871,1.47671,2.3300,1.9800
10.01.2014 00:41:03.589,1.47870,1.47670,2.5500,1.7800
10.01.2014 00:41:04.977,1.47869,1.47669,2.3900,2.1300
10.01.2014 00:41:06.343,1.47866,1.47666,1.7800,2.6800
10.01.2014 00:41:07.899,1.47866,1.47666,1.8900,1.5000
10.01.2014 00:41:09.331,1.47863,1.47663,2.1200,2.1400
10.01.2014 00:41:10.660,1.47863,1.47663,1.4400,2.2100
10.01.2014 00:41:12.290,1.47865,1.47665,1.9100,2.9700
10.01.2014 00:41:13.685,1.47868,1.47668,1.8300,2.7100
10.01.2014 00:41:15.021,1.47867,1.47667,1.3900,1.3500
10.01.2014 00:41:16.472,1.47867,1.47667,1.8400,1.9000
10.01.2014 00:41:17.836,1.47864,1.47664,2.8100,1.6900
10.01.2014 00:41:19.147,1.47867,1.47667,2.7300,1.5100
10.01.2014 00:41:20.367,1.47868,1.47668,1.2900,1.3400
10.01.2014 00:41:21.702,1.47866,1.47666,1.3600,2.9300
10.01.2014 00:41:23.006,1.47867,1.47667,2.2800,1.1700
10.01.2014 00:41:24.284,1.47866,1.47666,2.6700,2.7700
10.01.2014 00:41:25.633,1.47864,1.47664,2.2300,2.8500
10.01.2014 00:41:26.977,1.47867,1.47667,1.4900,2.4800
10.01.2014 00:41:28.495,1.47867,1.47667,1.8600,1.4400
10.01.2014 00:41:29.900,1.47864,1.47664,2.5900,2.1900
10.01.2014 00:41:31.351,1.47864,1.47664,1.8400,1.4000
10.01.2014 00:41:32.682,1.47862,1.47662,1.5200,2.9500
10.01.2014 00:41:34.171,1.47862,1.47662,2.3000,2.3100
10.01.2014 00:41:35.629,1.47865,1.47665,2.4000,1.5300
10.01.2014 00:41:37.067,1.47866,1.47666,2.8300,2.9000
10.01.2014 00:41:38.618,1.47866,1.47666,2.0400,2.2400
10.01.2014 00:41:40.194,1.47867,1.47667,2.3500,2.0600
10.01.2014 00:41:41.617,1.47867,1.47667,2.0700,1.5000
10.01.2014 00:41:42.963,1.47869,1.47669,2.4900,2.0900
10.01.2014 00:41:44.616,1.47869,1.47669,1.9700,2.9100
10.01.2014 00:41:45.970,1.47871,1.47671,1.3300,2.9000
10.01.2014 00:41:47.420,1.47869,1.47669,1.9900,2.5100
10.01.2014 00:41:48.900,1.47869,1.47669,1.9400,1.1000
10.01.2014 00:41:50.319,1.47869,1.47669,1.6300,2.9700
10.01.2014 00:41:51.589,1.47868,1.47668,2.7000,2.7500
10.01.2014 00:41:52.934,1.47868,1.47668,2.2800,1.2400
10.01.2014 00:41:54.342,1.47867,1.47667,2.5200,1.2800
10.01.2014 00:41:55.694,1.47867,1.47667,1.1600,1.7900
10.01.2014 00:41:57.122,1.47866,1.47666,1.4500,1.8300
10.01.2014 00:41:58.723,1.47865,1.47665,1.1700,2.9100
10.01.2014 00:42:00.004,1.47863,1.47663,1.9400,2.8800
10.01.2014 00:42:01.458,1.47865,1.47665,1.5700,1.0300
10.01.2014 00:42:02.712,1.47862,1.47662,1.6000,2.5000
10.01.2014 00:42:04.139,1.47864,1.47664,2.8100,1.4400
10.01.2014 00:42:05.423,1.47863,1.47663,2.2800,1.0700
10.01.2014 00:42:06.795,1.47860,1.47660,1.1600,1.4500
10.01.2014 00:42:08.117,1.47862,1.47662,1.4500,1.1300
10.01.2014 00:42:09.614,1.47861,1.47661,1.2600,2.8100
10.01.2014 00:42:10.849,1.47864,1.47664,1.6100,2.1000
10.01.2014 00:42:12.434,1.47864,1.47664,1.3800,1.4100
10.01.2014 00:42:13.888,1.47865,1.47665,2.2900,2.9000
10.01.2014 00:42:15.223,1.47864,1.47664,1.0400,1.5600
10.01.2014 00:42:16.809,1.47865,1.47665,2.6100,1.1400
10.01.2014 00:42:18.282,1.47864,1.47664,2.7600,2.0900
10.01.2014 00:42:19.757,1.47868,1.47668,2.9200,2.7100
10.01.2014 00:42:21.193,1.47868,1.47668,2.3000,2.4800
10.01.2014 00:42:22.627,1.47868,1.47668,2.0600,1.0300
10.01.2014 00:42:23.834,1.47868,1.47668,1.1200,2.2400
10.01.2014 00:42:25.202,1.47868,1.47668,1.0600,1.6400
10.01.2014 00:42:26.425,1.47867,1.47667,1.7900,2.1800
10.01.2014 00:42:27.959,1.47867,1.47667,2.8300,2.3900
10.01.2014 00:42:29.498,1.47869,1.47669,1.4400,2.8300
10.01.2014 00:42:30.890,1.47869,1.47669,1.4300,1.2300
10.01.2014 00:42:32.417,1.47871,1.47671,1.2400,2.7700
10.01.2014 00:42:33.756,1.47872,1.47672,2.4100,2.8900
10.01.2014 00:42:35.236,1.47871,1.47671,2.7800,2.1100
10.01.2014 00:42:36.642,1.47873,1.47673,2.4400,1.9900
10.01.2014 00:42:37.961,1.47872,1.47672,2.5600,2.5500
10.01.2014 00:42:39.336,1.47875,1.47675,2.5000,2.9000
10.01.2014 00:42:40.660,1.47871,1.47671,1.5800,1.2400
10.01.2014 00:42:41.880,1.47871,1.47671,1.2500,1.6200
10.01.2014 00:42:43.349,1.47870,1.47670,1.9800,2.0600
10.01.2014 00:42:44.787,1.47866,1.47666,1.8600,2.2700
10.01.2014 00:42:46.063,1.47866,1.47666,1.4300,2.6100
10.01.2014 00:42:47.602,1.47865,1.47665,1.4000,2.0700
10.01.2014 00:42:48.964,1.47867,1.47667,2.5800,2.3400
10.01.2014 00:42:50.499,1.47870,1.47670,1.7900,1.8100
10.01.2014 00:42:51.827,1.47871,1.47671,1.0300,3.0000
10.01.2014 00:42:53.398,1.47870,1.47670,1.9300,1.1400
10.01.2014 00:42:54.781,1.47870,1.47670,1.8000,1.4200
10.01.2014 00:42:56.142,1.47872,1.47672,2.1100,2.2300
10.01.2014 00:42:57.429,1.47875,1.47675,1.1500,1.3200
10.01.2014 00:42:58.852,1.47877,1.47677,1.9800,1.2400
10.01.2014 00:43:00.236,1.47876,1.47676,1.0700,1.8300
10.01.2014 00:43:01.649,1.47874,1.47674,1.3700,1.1000
10.01.2014 00:43:02.995,1.47874,1.47674,1.5300,1.6200
10.01.2014 00:43:04.370,1.47875,1.47675,1.2800,2.2800
10.01.2014 00:43:05.788,1.47873,1.47673,1.5100,1.0700
10.01.2014 00:43:07.292,1.47874,1.47674,2.6200,2.0600
10.01.2014 00:43:08.690,1.47875,1.47675,1.7400,2.7200
10.01.2014 00:43:10.061,1.47874,1.47674,1.3800,1.4000
10.01.2014 00:43:11.504,1.47877,1.47677,1.6000,1.9500
10.01.2014 00:43:12.829,1.47879,1.47679,2.1100,1.1100
10.01.2014 00:43:14.324,1.47880,1.47680,1.3300,2.9100
10.01.2014 00:43:15.612,1.47880,1.47680,1.3700,1.6900
10.01.2014 00:43:17.001,1.47879,1.47679,1.8100,1.5100
10.01.2014 00:43:18.483,1.47877,1.47677,2.4900,1.3100
