Time,Ask,Bid,AskVolume,BidVolume
22.01.2014 00:00:01.891,1.47556,1.47356,2.2800,2.7400
22.01.2014 00:00:03.315,1.47556,1.47356,2.4100,1.2500
22.01.2014 00:00:04.839,1.47556,1.47356,2.9900,2.8900
22.01.2014 00:00:06.245,1.47557,1.47357,1.5300,1.3200
22.01.2014 00:00:07.550,1.47558,1.47358,2.3700,2.8900
22.01.2014 00:00:08.949,1.47560,1.47360,1.6300,2.1800
22.01.2014 00:00:10.376,1.47560,1.47360,1.0400,1.6400
22.01.2014 00:00:11.729,1.47558,1.47358,2.5900,2.9100
22.01.2014 00:00:13.097,1.47557,1.47357,1.9100,2.9200
22.01.2014 00:00:14.727,1.47559,1.47359,2.8000,2.9500
22.01.2014 00:00:16.141,1.47560,1.47360,1.4600,1.9800
22.01.2014 00:00:17.404,1.47559,1.47359,2.7700,1.1000
22.01.2014 00:00:18.846,1.47557,1.47357,1.2200,1.7000
22.01.2014 00:00:20.158,1.47556,1.47356,2.8900,1.6100
22.01.2014 00:00:21.551,1.47557,1.47357,2.2500,2.4000
22.01.2014 00:00:23.076,1.47559,1.47359,2.2700,1.2900
22.01.2014 00:00:24.595,1.47557,1.47357,2.0400,1.8300
22.01.2014 00:00:26.118,1.47558,1.47358,2.8400,2.2300
22.01.2014 00:00:27.416,1.47559,1.47359,1.9500,2.5200
22.01.2014 00:00:28.800,1.47560,1.47360,1.0800,2.7200
22.01.2014 00:00:30.228,1.47558,1.47358,2.9800,1.5000
22.01.2014 00:00:31.599,1.47557,1.47357,1.9300,1.1100
22.01.2014 00:00:33.095,1.47557,1.47357,2.3400,2.1800
22.01.2014 00:00:34.416,1.47557,1.47357,1.1500,1.0400
22.01.2014 00:00:35.650,1.47559,1.47359,2.4600,2.0200
22.01.2014 00:00:37.090,1.47560,1.47360,1.3900,1.9900
22.01.2014 00:00:38.452,1.47561,1.47361,2.5400,1.4500
22.01.2014 00:00:39.722,1.47560,1.47360,1.5400,2.3600
22.01.2014 00:00:41.222,1.47562,1.47362,2.9200,2.2500
22.01.2014 00:00:42.685,1.47564,1.47364,1.8600,2.8700
22.01.2014 00:00:44.073,1.47565,1.47365,2.2700,2.8900
22.01.2014 00:00:45.320,1.47561,1.47361,2.3600,1.2600
22.01.2014 00:00:46.656,1.47561,1.47361,2.8600,1.8700
22.01.2014 00:00:48.091,1.47560,1.47360,2.4400,1.8300
22.01.2014 00:00:49.557,1.47560,1.47360,1.7100,1.8400
22.01.2014 00:00:50.940,1.47556,1.47356,2.7400,1.3600
22.01.2014 00:00:52.299,1.47556,1.47356,1.6100,1.4800
22.01.2014 00:00:53.784,1.47560,1.47360,2.3700,1.7600
22.01.2014 00:00:55.131,1.47557,1.47357,2.1800,1.4400
22.01.2014 00:00:56.704,1.47555,1.47355,1.1700,2.1700
22.01.2014 00:00:58.165,1.47554,1.47354,2.8100,1.5400
22.01.2014 00:00:59.390,1.47553,1.47353,1.5300,2.1700
22.01.2014 00:01:00.747,1.47553,1.47353,1.2600,2.3600
22.01.2014 00:01:02.199,1.47555,1.47355,2.7000,2.3400
22.01.2014 00:01:03.699,1.47554,1.47354,1.8600,2.2000
22.01.2014 00:01:05.084,1.47551,1.47351,2.5400,1.3600
22.01.2014 00:01:06.441,1.47552,1.47352,2.1000,2.8300
22.01.2014 00:01:07.733,1.47551,1.47351,1.8100,1.7400
22.01.2014 00:01:09.051,1.47551,1.47351,1.0900,2.8100
22.01.2014 00:01:10.323,1.47550,1.47350,1.2400,2.1400
22.01.2014 00:01:11.770,1.47550,1.47350,2.7000,2.9100
22.01.2014 00:01:13.230,1.47550,1.47350,2.6800,1.5800
22.01.2014 00:01:14.451,1.47550,1.47350,1.0800,2.3000
22.01.2014 00:01:15.990,1.47549,1.47349,1.7400,1.1600
22.01.2014 00:01:17.441,1.47546,1.47346,1.6500,2.7200
22.01.2014 00:01:18.911,1.47546,1.47346,2.8600,2.4200
22.01.2014 00:01:20.452,1.47546,1.47346,2.7300,2.4900
22.01.2014 00:01:21.764,1.47546,1.47346,2.9900,2.8800
22.01.2014 00:01:23.406,1.47547,1.47347,2.0600,1.1300
22.01.2014 00:01:24.767,1.47548,1.47348,1.8400,2.0400
22.01.2014 00:01:26.175,1.47548,1.47348,1.6100,1.6100
22.01.2014 00:01:27.655,1.47545,1.47345,2.9900,2.1200
22.01.2014 00:01:29.057,1.47544,1.47344,2.3900,2.1700
22.01.2014 00:01:30.465,1.47543,1.47343,1.6000,1.1500
22.01.2014 00:01:31.805,1.47543,1.47343,1.9000,2.4400
22.01.2014 00:01:33.160,1.47543,1.47343,2.0300,1.6500
22.01.2014 00:01:34.515,1.47545,1.47345,1.0800,2.6900
22.01.2014 00:01:35.862,1.47544,1.47344,1.5400,1.6200
22.01.2014 00:01:37.229,1.47544,1.47344,1.6700,1.9200
22.01.2014 00:01:38.703,1.47546,1.47346,2.7200,1.3000
22.01.2014 00:01:40.123,1.47548,1.47348,1.4200,2.9300
22.01.2014 00:01:41.452,1.47547,1.47347,2.5600,1.1600
22.01.2014 00:01:42.925,1.47547,1.47347,2.0200,2.4400
22.01.2014 00:01:44.585,1.47548,1.47348,1.0700,1.2200
22.01.2014 00:01:46.033,1.47549,1.47349,1.8900,2.6900
22.01.2014 00:01:47.330,1.47549,1.47349,2.9100,2.0200
22.01.2014 00:01:48.876,1.47550,1.47350,2.9200,1.8200
22.01.2014 00:01:50.273,1.47550,1.47350,2.3400,1.3100
22.01.2014 00:01:51.682,1.47547,1.47347,1.8800,1.1800
22.01.2014 00:01:52.985,1.47547,1.47347,2.5200,2.9100
22.01.2014 00:01:54.466,1.47547,1.47347,1.1900,1.5200
22.01.2014 00:01:56.072,1.47549,1.47349,2.7700,2.0200
22.01.2014 00:01:57.437,1.47549,1.47349,2.2200,1.7400
22.01.2014 00:01:58.880,1.47544,1.47344,2.2600,2.3500
22.01.2014 00:02:00.333,1.47544,1.47344,1.7400,2.8500
22.01.2014 00:02:01.638,1.47545,1.47345,2.0300,1.7100
22.01.2014 00:02:02.966,1.47543,1.47343,2.4900,2.9300
22.01.2014 00:02:04.275,1.47546,1.47346,1.4500,2.8400
22.01.2014 00:02:05.645,1.47544,1.47344,1.6600,2.6700
22.01.2014 00:02:06.996,1.47541,1.47341,1.4200,1.1500
22.01.2014 00:02:08.411,1.47539,1.47339,2.4800,1.9000
22.01.2014 00:02:09.703,1.47538,1.47338,2.0800,2.4300
22.01.2014 00:02:11.228,1.47537,1.47337,2.2600,2.4400
22.01.2014 00:02:12.561,1.47535,1.47335,2.4400,2.4500
22.01.2014 00:02:14.020,1.47535,1.47335,2.6400,1.8500
22.01.2014 00:02:15.330,1.47536,1.47336,1.1200,2.5700
22.01.2014 00:02:16.823,1.47538,1.47338,1.3700,2.1600
22.01.2014 00:02:18.140,1.47537,1.47337,1.7200,2.4800
22.01.2014 00:02:19.490,1.47538,1.47338,1.4300,1.1400
22.01.2014 00:02:20.909,1.47540,1.47340,2.3000,1.0700
22.01.2014 00:02:22.565,1.47539,1.47339,1.2600,2.3800
22.01.2014 00:02:23.853,1.47535,1.47335,2.8800,2.1200
22.01.2014 00:02:25.277,1.47534,1.47334,2.5500,1.7700
22.01.2014 00:02:26.597,1.47537,1.47337,1.2200,2.8000
22.01.2014 00:02:27.821,1.47535,1.47335,2.6400,1.4000
22.01.2014 00:02:29.352,1.47535,1.47335,1.4700,1.5600
22.01.2014 00:02:30.666,1.47535,1.47335,2.3700,1.0800
22.01.2014 00:02:32.237,1.47535,1.47335,1.9400,1.0500
22.01.2014 00:02:33.582,1.47537,1.47337,2.1700,2.2000
22.01.2014 00:02:34.916,1.47534,1.47334,1.8600,2.0500
22.01.2014 00:02:36.423,1.47533,1.47333,2.9500,2.1300
22.01.2014 00:02:37.842,1.47533,1.47333,1.8700,1.8100
22.01.2014 00:02:39.189,1.47534,1.47334,1.7000,1.9200
22.01.2014 00:02:40.649,1.47532,1.47332,1.8600,2.2900
22.01.2014 00:02:41.952,1.47530,1.47330,1.5000,1.3700
22.01.2014 00:02:43.344,1.47530,1.47330,1.0600,1.7600
22.01.2014 00:02:44.541,1.47531,1.47331,1.5300,2.8100
22.01.2014 00:02:45.861,1.47530,1.47330,2.3400,2.7000
22.01.2014 00:02:47.292,1.47531,1.47331,1.9900,2.5500
22.01.2014 00:02:48.749,1.47532,1.47332,2.7100,1.1000
22.01.2014 00:02:50.114,1.47532,1.47332,1.0700,1.9300
22.01.2014 00:02:51.598,1.47533,1.47333,2.8100,2.1400
22.01.2014 00:02:52.787,1.47532,1.47332,1.3000,2.1500
22.01.2014 00:02:54.181,1.47531,1.47331,1.9500,1.3100
22.01.2014 00:02:55.554,1.47530,1.47330,1.8300,2.7100
22.01.2014 00:02:57.066,1.47528,1.47328,1.9700,2.6000
22.01.2014 00:02:58.697,1.47528,1.47328,2.5600,2.6500
22.01.2014 00:03:00.088,1.47530,1.47330,2.0300,2.2100
22.01.2014 00:03:01.485,1.47529,1.47329,2.1200,2.5600
22.01.2014 00:03:02.748,1.47530,1.47330,1.5000,2.5900
22.01.2014 00:03:04.145,1.47527,1.47327,1.5500,1.3900
22.01.2014 00:03:05.582,1.47527,1.47327,1.6400,2.7100
22.01.2014 00:03:06.879,1.47527,1.47327,2.9500,2.4700
22.01.2014 00:03:08.296,1.47526,1.47326,2.4800,1.3400
22.01.2014 00:03:09.697,1.47522,1.47322,2.4500,2.9200
22.01.2014 00:03:11.106,1.47525,1.47325,2.3400,1.8000
22.01.2014 00:03:12.337,1.47525,1.47325,2.0200,2.8400
22.01.2014 00:03:13.649,1.47524,1.47324,2.3500,1.4200
22.01.2014 00:03:15.131,1.47526,1.47326,2.7900,2.5200
22.01.2014 00:03:16.514,1.47523,1.47323,2.9700,1.3000
22.01.2014 00:03:17.884,1.47523,1.47323,1.8200,2.1100
22.01.2014 00:03:19.454,1.47525,1.47325,1.0600,1.3600
22.01.2014 00:03:21.020,1.47526,1.47326,1.7900,2.5500
22.01.2014 00:03:22.317,1.47526,1.47326,2.2000,1.6300
22.01.2014 00:03:23.741,1.47525,1.47325,1.9800,2.0900
22.01.2014 00:03:25.018,1.47523,1.47323,2.8400,1.8800
22.01.2014 00:03:26.679,1.47522,1.47322,2.4400,2.3200
22.01.2014 00:03:28.105,1.47525,1.47325,1.3700,2.5400
22.01.2014 00:03:29.484,1.47523,1.47323,2.9200,2.4700
22.01.2014 00:03:30.762,1.47527,1.47327,2.7700,1.7900
22.01.2014 00:03:32.372,1.47526,1.47326,2.9000,2.8100
22.01.2014 00:03:33.702,1.47527,1.47327,2.1100,1.4600
22.01.2014 00:03:35.057,1.47525,1.47325,2.3600,1.9400
22.01.2014 00:03:36.570,1.47524,1.47324,1.0300,2.4300
22.01.2014 00:03:37.732,1.47523,1.47323,2.9500,1.8400
22.01.2014 00:03:39.273,1.47523,1.47323,1.0800,1.4000
22.01.2014 00:03:40.611,1.47521,1.47321,2.3700,2.5700
22.01.2014 00:03:42.041,1.47523,1.47323,2.5600,1.7300
22.01.2014 00:03:43.435,1.47524,1.47324,1.7800,1.9500
22.01.2014 00:03:44.908,1.47523,1.47323,2.3700,1.0000
22.01.2014 00:03:46.359,1.47520,1.47320,1.9500,1.5700
22.01.2014 00:03:47.769,1.47522,1.47322,2.2400,1.4300
22.01.2014 00:03:49.353,1.47522,1.47322,1.5300,2.3100
22.01.2014 00:03:50.790,1.47519,1.47319,1.3400,1.4500
22.01.2014 00:03:52.165,1.47519,1.47319,2.4800,1.5800
22.01.2014 00:03:53.458,1.47517,1.47317,1.6600,2.9300
22.01.2014 00:03:54.935,1.47514,1.47314,1.2900,2.7300
22.01.2014 00:03:56.229,1.47512,1.47312,1.3000,1.8200
22.01.2014 00:03:57.617,1.47511,1.47311,2.8100,2.0700
22.01.2014 00:03:59.023,1.47509,1.47309,1.9000,2.7400
22.01.2014 00:04:00.302,1.47509,1.47309,2.8500,2.1200
22.01.2014 00:04:01.767,1.47512,1.47312,2.8700,1.4200
22.01.2014 00:04:03.189,1.47513,1.47313,2.5600,2.5500
22.01.2014 00:04:04.594,1.47510,1.47310,1.3000,1.8500
22.01.2014 00:04:05.953,1.47510,1.47310,1.2400,2.4900
22.01.2014 00:04:07.215,1.47511,1.47311,2.0000,2.8400
22.01.2014 00:04:08.700,1.47515,1.47315,1.6200,2.9500
22.01.2014 00:04:10.216,1.47515,1.47315,2.8900,2.3300
22.01.2014 00:04:11.451,1.47516,1.47316,2.3200,1.5000
22.01.2014 00:04:12.665,1.47516,1.47316,2.1500,1.8500
22.01.2014 00:04:13.861,1.47515,1.47315,2.9100,1.7900
22.01.2014 00:04:15.366,1.47513,1.47313,1.0600,2.1500
22.01.2014 00:04:16.859,1.47514,1.47314,1.0000,1.1800
22.01.2014 00:04:18.322,1.47515,1.47315,2.0900,1.3400
22.01.2014 00:04:19.705,1.47518,1.47318,2.6900,1.8800
22.01.2014 00:04:21.206,1.47519,1.47319,1.2200,1.2400
22.01.2014 00:04:22.400,1.47517,1.47317,2.8500,2.0600
22.01.2014 00:04:23.744,1.47515,1.47315,1.0500,1.4300
22.01.2014 00:04:24.885,1.47516,1.47316,1.4600,2.6600
22.01.2014 00:04:26.272,1.47519,1.47319,2.9400,2.6900
22.01.2014 00:04:27.660,1.47519,1.47319,1.5300,2.7700
22.01.2014 00:04:29.072,1.47519,1.47319,2.6500,1.3800
22.01.2014 00:04:30.380,1.47520,1.47320,2.0200,2.2300
22.01.2014 00:04:31.744,1.47518,1.47318,2.2200,1.7200
22.01.2014 00:04:33.312,1.47517,1.47317,2.5400,1.9500
22.01.2014 00:04:34.783,1.47521,1.47321,1.5400,2.5900
22.01.2014 00:04:36.185,1.47523,1.47323,2.1900,1.7300
22.01.2014 00:04:37.659,1.47521,1.47321,2.5900,1.6700
22.01.2014 00:04:39.138,1.47524,1.47324,1.1000,2.4100
22.01.2014 00:04:40.500,1.47523,1.47323,2.3500,1.1300
22.01.2014 00:04:41.823,1.47522,1.47322,2.9000,1.2300
22.01.2014 00:04:43.398,1.47521,1.47321,2.1200,1.4800
22.01.2014 00:04:44.906,1.47521,1.47321,2.3400,1.4700
22.01.2014 00:04:46.340,1.47520,1.47320,1.6500,2.0300
22.01.2014 00:04:47.645,1.47520,1.47320,2.3900,1.4800
22.01.2014 00:04:48.993,1.47524,1.47324,2.5900,1.6700
22.01.2014 00:04:50.203,1.47528,1.47328,2.8100,1.9700
22.01.2014 00:04:51.579,1.47529,1.47329,1.0300,2.3500
22.01.2014 00:04:53.054,1.47530,1.47330,2.2500,2.7300
22.01.2014 00:04:54.474,1.47530,1.47330,2.0200,2.7000
22.01.2014 00:04:55.917,1.47527,1.47327,2.3100,2.7200
22.01.2014 00:04:57.216,1.47525,1.47325,2.0800,1.1200
22.01.2014 00:04:58.655,1.47526,1.47326,2.3200,2.2400
22.01.2014 00:05:00.010,1.47527,1.47327,1.9600,2.5900
22.01.2014 00:05:01.360,1.47526,1.47326,1.2200,2.3700
22.01.2014 00:05:02.793,1.47527,1.47327,2.8900,1.3900
22.01.2014 00:05:04.268,1.47529,1.47329,2.3400,2.1800
22.01.2014 00:05:05.587,1.47528,1.47328,2.9000,1.8500
22.01.2014 00:05:07.284,1.47529,1.47329,2.8200,1.1800
22.01.2014 00:05:08.752,1.47530,1.47330,1.6200,1.4100
22.01.2014 00:05:10.105,1.47532,1.47332,2.6100,2.5200
22.01.2014 00:05:11.684,1.47532,1.47332,1.4600,2.5700
22.01.2014 00:05:13.017,1.47535,1.47335,1.5300,1.1400
22.01.2014 00:05:14.325,1.47538,1.47338,1.8800,2.2100
22.01.2014 00:05:15.721,1.47537,1.47337,1.1600,2.0000
22.01.2014 00:05:17.136,1.47541,1.47341,2.3400,1.0900
22.01.2014 00:05:18.539,1.47542,1.47342,2.0700,1.1900
22.01.2014 00:05:19.939,1.47541,1.47341,1.0900,2.4900
22.01.2014 00:05:21.428,1.47542,1.47342,1.9000,2.0700
22.01.2014 00:05:22.860,1.47540,1.47340,1.3300,2.4800
22.01.2014 00:05:24.210,1.47538,1.47338,1.3500,1.2300
22.01.2014 00:05:25.432,1.47537,1.47337,2.9700,2.2600
22.01.2014 00:05:26.838,1.47538,1.47338,2.4500,1.4800
22.01.2014 00:05:28.190,1.47539,1.47339,2.0400,1.1000
22.01.2014 00:05:29.544,1.47538,1.47338,1.6600,1.8200
22.01.2014 00:05:31.023,1.47536,1.47336,1.5800,1.8200
22.01.2014 00:05:32.548,1.47537,1.47337,3.0000,1.8000
22.01.2014 00:05:33.992,1.47539,1.47339,2.8900,1.4900
22.01.2014 00:05:35.620,1.47540,1.47340,1.8400,2.7000
22.01.2014 00:05:36.988,1.47539,1.47339,1.8200,1.3700
22.01.2014 00:05:38.546,1.47536,1.47336,1.2600,2.8200
22.01.2014 00:05:39.971,1.47539,1.47339,2.6300,1.7700
22.01.2014 00:05:41.488,1.47538,1.47338,1.7500,2.0400
22.01.2014 00:05:42.683,1.47535,1.47335,1.3000,1.1300
22.01.2014 00:05:44.069,1.47534,1.47334,1.3000,2.0700
22.01.2014 00:05:45.540,1.47533,1.47333,1.8500,2.1600
22.01.2014 00:05:46.826,1.47534,1.47334,2.9200,1.1900
22.01.2014 00:05:48.174,1.47535,1.47335,1.3900,2.4000
22.01.2014 00:05:49.333,1.47537,1.47337,1.6800,1.6500
22.01.2014 00:05:50.692,1.47539,1.47339,2.7500,2.8700
22.01.2014 00:05:52.082,1.47539,1.47339,1.2900,2.7000
22.01.2014 00:05:53.435,1.47540,1.47340,1.5400,2.1300
22.01.2014 00:05:54.755,1.47540,1.47340,2.5200,1.4200
22.01.2014 00:05:56.243,1.47542,1.47342,1.5400,2.1900
22.01.2014 00:05:57.583,1.47543,1.47343,1.5000,2.6000
22.01.2014 00:05:58.956,1.47542,1.47342,2.8800,2.2100
22.01.2014 00:06:00.480,1.47544,1.47344,1.3400,2.5500
22.01.2014 00:06:02.063,1.47542,1.47342,2.5300,1.9600
22.01.2014 00:06:03.200,1.47541,1.47341,2.0000,1.8300
22.01.2014 00:06:04.765,1.47538,1.47338,1.2200,2.7400
22.01.2014 00:06:06.199,1.47541,1.47341,2.1000,1.6700
22.01.2014 00:06:07.552,1.47543,1.47343,2.9300,2.3400
22.01.2014 00:06:08.978,1.47544,1.47344,2.0000,1.8800
22.01.2014 00:06:10.399,1.47544,1.47344,2.6300,1.5900
22.01.2014 00:06:11.886,1.47546,1.47346,2.4800,2.4300
22.01.2014 00:06:13.373,1.47546,1.47346,2.9200,1.9900
22.01.2014 00:06:14.978,1.47543,1.47343,1.2600,2.7600
22.01.2014 00:06:16.454,1.47541,1.47341,2.0000,1.0000
22.01.2014 00:06:17.822,1.47541,1.47341,1.3300,1.2400
22.01.2014 00:06:19.200,1.47542,1.47342,2.6400,1.7700
22.01.2014 00:06:20.618,1.47541,1.47341,1.1400,1.4900
22.01.2014 00:06:22.032,1.47540,1.47340,2.6700,1.0400
22.01.2014 00:06:23.305,1.47539,1.47339,1.7800,1.8600
22.01.2014 00:06:24.607,1.47540,1.47340,1.2100,1.8200
22.01.2014 00:06:25.947,1.47541,1.47341,1.7900,2.3700
22.01.2014 00:06:27.655,1.47541,1.47341,1.3300,1.0000
22.01.2014 00:06:28.826,1.47542,1.47342,3.0000,1.1400
22.01.2014 00:06:30.331,1.47543,1.47343,1.6000,1.6000
22.01.2014 00:06:31.881,1.47544,1.47344,2.7700,1.5700
22.01.2014 00:06:33.262,1.47544,1.47344,1.6800,2.5900
22.01.2014 00:06:34.657,1.47545,1.47345,1.5200,1.9900
22.01.2014 00:06:35.984,1.47544,1.47344,2.9000,2.2600
22.01.2014 00:06:37.340,1.47544,1.47344,1.5600,1.0500
22.01.2014 00:06:38.844,1.47548,1.47348,2.1600,2.0600
22.01.2014 00:06:40.222,1.47546,1.47346,2.6900,2.2100
22.01.2014 00:06:41.606,1.47548,1.47348,2.6000,2.0700
22.01.2014 00:06:43.079,1.47548,1.47348,1.0600,1.0900
22.01.2014 00:06:44.465,1.47548,1.47348,1.7300,1.2800
22.01.2014 00:06:45.972,1.47546,1.47346,2.2600,1.1700
22.01.2014 00:06:47.273,1.47544,1.47344,2.7400,1.6000
22.01.2014 00:06:48.547,1.47546,1.47346,2.7900,2.5800
22.01.2014 00:06:50.134,1.47545,1.47345,1.1900,2.8800
22.01.2014 00:06:51.429,1.47545,1.47345,2.6900,2.1200
22.01.2014 00:06:52.735,1.47547,1.47347,1.8900,1.5000
22.01.2014 00:06:54.041,1.47546,1.47346,1.1600,2.2900
22.01.2014 00:06:55.513,1.47547,1.47347,1.3500,1.0900
22.01.2014 00:06:56.960,1.47547,1.47347,2.6800,2.6000
22.01.2014 00:06:58.456,1.47550,1.47350,1.1900,2.0900
22.01.2014 00:06:59.995,1.47548,1.47348,1.8700,1.1300
22.01.2014 00:07:01.531,1.47552,1.47352,1.4300,2.0400
22.01.2014 00:07:02.779,1.47552,1.47352,2.4400,1.7700
22.01.2014 00:07:04.219,1.47551,1.47351,2.9600,2.8700
22.01.2014 00:07:05.608,1.47551,1.47351,1.0800,1.6900
22.01.2014 00:07:06.999,1.47550,1.47350,2.1000,1.6300
22.01.2014 00:07:08.509,1.47549,1.47349,2.2700,1.4000
22.01.2014 00:07:09.840,1.47550,1.47350,1.4400,1.6400
22.01.2014 00:07:11.177,1.47549,1.47349,2.9400,1.3600
22.01.2014 00:07:12.752,1.47550,1.47350,1.1200,1.1700
22.01.2014 00:07:14.073,1.47548,1.47348,2.9700,1.8700
22.01.2014 00:07:15.376,1.47546,1.47346,1.7500,2.5500
22.01.2014 00:07:16.759,1.47548,1.47348,1.3600,2.1900
22.01.2014 00:07:18.149,1.47547,1.47347,2.5700,2.1200
22.01.2014 00:07:19.420,1.47551,1.47351,1.2300,1.8100
22.01.2014 00:07:20.728,1.47548,1.47348,1.3600,2.8900
22.01.2014 00:07:21.933,1.47546,1.47346,1.6700,2.2100
22.01.2014 00:07:23.319,1.47546,1.47346,1.4200,2.8400
22.01.2014 00:07:24.837,1.47547,1.47347,2.4400,2.5900
22.01.2014 00:07:26.316,1.47542,1.47342,2.2400,2.6500
22.01.2014 00:07:27.844,1.47541,1.47341,1.1800,1.9800
22.01.2014 00:07:29.336,1.47539,1.47339,2.9100,1.8600
22.01.2014 00:07:30.836,1.47540,1.47340,2.8300,2.5600
22.01.2014 00:07:32.404,1.47541,1.47341,1.2100,2.6300
22.01.2014 00:07:33.861,1.47544,1.47344,1.2900,1.7900
22.01.2014 00:07:35.197,1.47543,1.47343,1.3900,2.5500
22.01.2014 00:07:36.597,1.47542,1.47342,2.9700,2.6500
22.01.2014 00:07:37.926,1.47542,1.47342,2.3700,1.2800
22.01.2014 00:07:39.279,1.47541,1.47341,2.9000,1.9400
22.01.2014 00:07:40.563,1.47538,1.47338,2.4400,1.2100
22.01.2014 00:07:42.039,1.47535,1.47335,2.2600,2.3800
22.01.2014 00:07:43.516,1.47535,1.47335,1.8700,1.6300
22.01.2014 00:07:44.845,1.47537,1.47337,1.0600,2.0200
22.01.2014 00:07:46.244,1.47539,1.47339,2.0900,2.9000
22.01.2014 00:07:47.574,1.47539,1.47339,1.5000,1.9300
22.01.2014 00:07:49.065,1.47540,1.47340,1.9900,2.7900
22.01.2014 00:07:50.598,1.47542,1.47342,1.5400,2.6400
22.01.2014 00:07:52.245,1.47542,1.47342,1.7700,1.2500
22.01.2014 00:07:53.611,1.47545,1.47345,1.7100,2.9800
22.01.2014 00:07:54.922,1.47542,1.47342,1.8000,1.1300
22.01.2014 00:07:56.340,1.47543,1.47343,1.7600,2.2600
22.01.2014 00:07:57.741,1.47544,1.47344,2.7000,2.5000
22.01.2014 00:07:59.232,1.47541,1.47341,2.0500,2.8800
22.01.2014 00:08:00.807,1.47541,1.47341,2.5300,2.0500
22.01.2014 00:08:02.354,1.47539,1.47339,2.6100,1.9600
22.01.2014 00:08:03.639,1.47541,1.47341,1.7900,2.2900
22.01.2014 00:08:05.045,1.47541,1.47341,1.1800,1.3600
22.01.2014 00:08:06.302,1.47543,1.47343,2.9600,2.5300
22.01.2014 00:08:07.646,1.47541,1.47341,2.9700,2.8100
22.01.2014 00:08:08.950,1.47542,1.47342,1.9100,2.1100
22.01.2014 00:08:10.471,1.47539,1.47339,1.6300,1.3500
22.01.2014 00:08:11.956,1.47540,1.47340,1.2100,1.7700
22.01.2014 00:08:13.351,1.47541,1.47341,2.3300,1.0900
22.01.2014 00:08:14.946,1.47541,1.47341,1.2600,1.2800
22.01.2014 00:08:16.145,1.47540,1.47340,2.1300,2.8100
22.01.2014 00:08:17.372,1.47538,1.47338,1.3800,2.8200
22.01.2014 00:08:18.913,1.47540,1.47340,2.6800,2.6000
22.01.2014 00:08:20.183,1.47539,1.47339,1.9900,2.8600
22.01.2014 00:08:21.524,1.47539,1.47339,1.9700,1.3300
22.01.2014 00:08:22.802,1.47541,1.47341,2.4800,1.8000
22.01.2014 00:08:24.122,1.47541,1.47341,1.4100,2.7900
22.01.2014 00:08:25.357,1.47540,1.47340,2.0600,2.2800
22.01.2014 00:08:26.733,1.47541,1.47341,1.3300,2.1100
22.01.2014 00:08:28.125,1.47541,1.47341,2.1800,2.6300
22.01.2014 00:08:29.477,1.47538,1.47338,2.2000,2.9100
22.01.2014 00:08:30.795,1.47537,1.47337,2.7400,1.0600
22.01.2014 00:08:32.266,1.47536,1.47336,1.1800,1.3000
22.01.2014 00:08:33.853,1.47538,1.47338,1.8700,1.2000
22.01.2014 00:08:35.305,1.47537,1.47337,1.6800,1.5300
22.01.2014 00:08:36.705,1.47538,1.47338,1.6700,2.3200
22.01.2014 00:08:37.953,1.47538,1.47338,1.0200,2.2100
22.01.2014 00:08:39.383,1.47537,1.47337,2.9200,2.3300
22.01.2014 00:08:40.756,1.47537,1.47337,1.8700,1.5600
22.01.2014 00:08:42.144,1.47536,1.47336,2.3600,2.3800
22.01.2014 00:08:43.596,1.47536,1.47336,1.5500,2.3100
22.01.2014 00:08:45.126,1.47536,1.47336,2.7800,1.3900
22.01.2014 00:08:46.617,1.47535,1.47335,2.3400,2.2100
22.01.2014 00:08:48.064,1.47532,1.47332,1.2100,2.1400
22.01.2014 00:08:49.500,1.47529,1.47329,2.4300,2.6500
22.01.2014 00:08:50.657,1.47531,1.47331,2.5600,1.1400
22.01.2014 00:08:52.150,1.47533,1.47333,2.7500,2.9700
22.01.2014 00:08:53.602,1.47533,1.47333,1.5700,1.2000
22.01.2014 00:08:55.075,1.47531,1.47331,1.8700,2.7400
22.01.2014 00:08:56.307,1.47530,1.47330,2.6100,1.0100
22.01.2014 00:08:57.621,1.47529,1.47329,2.5600,2.0800
22.01.2014 00:08:59.163,1.47528,1.47328,1.1800,2.4400
22.01.2014 00:09:00.479,1.47527,1.47327,1.8000,1.6600
22.01.2014 00:09:01.877,1.47526,1.47326,2.1000,1.6200
22.01.2014 00:09:03.311,1.47526,1.47326,2.8500,2.3900
22.01.2014 00:09:04.696,1.47526,1.47326,1.3800,2.0700
22.01.2014 00:09:05.859,1.47527,1.47327,1.9800,1.8900
22.01.2014 00:09:07.280,1.47526,1.47326,2.2300,1.7400
22.01.2014 00:09:08.634,1.47526,1.47326,1.4700,2.2300
22.01.2014 00:09:10.102,1.47527,1.47327,2.4400,1.6200
22.01.2014 00:09:11.713,1.47528,1.47328,2.2400,2.6700
22.01.2014 00:09:13.176,1.47529,1.47329,1.0900,1.6300
22.01.2014 00:09:14.553,1.47526,1.47326,2.5800,2.7800
22.01.2014 00:09:16.072,1.47524,1.47324,1.3100,2.9800
22.01.2014 00:09:17.434,1.47524,1.47324,2.3500,1.3400
22.01.2014 00:09:18.962,1.47523,1.47323,1.8000,2.7000
22.01.2014 00:09:20.449,1.47526,1.47326,2.4200,1.9100
22.01.2014 00:09:21.984,1.47529,1.47329,1.6700,2.1300
22.01.2014 00:09:23.599,1.47532,1.47332,1.2500,1.4900
22.01.2014 00:09:25.105,1.47529,1.47329,1.9800,1.7700
22.01.2014 00:09:26.496,1.47531,1.47331,1.3100,2.2300
22.01.2014 00:09:27.910,1.47529,1.47329,2.9400,1.4500
22.01.2014 00:09:29.338,1.47529,1.47329,2.7000,2.3400
22.01.2014 00:09:30.712,1.47528,1.47328,1.9000,2.8500
22.01.2014 00:09:32.121,1.47528,1.47328,1.5600,2.6800
22.01.2014 00:09:33.364,1.47528,1.47328,2.6700,1.4200
22.01.2014 00:09:34.803,1.47528,1.47328,2.3300,2.3900
22.01.2014 00:09:36.133,1.47526,1.47326,2.1000,2.3400
22.01.2014 00:09:37.446,1.47525,1.47325,2.6500,2.6400
22.01.2014 00:09:39.028,1.47526,1.47326,2.5700,2.2600
22.01.2014 00:09:40.608,1.47526,1.47326,2.6400,2.5000
22.01.2014 00:09:41.944,1.47529,1.47329,2.3500,2.9000
22.01.2014 00:09:43.331,1.47531,1.47331,2.2300,2.7900
22.01.2014 00:09:44.778,1.47529,1.47329,1.6800,1.2500
22.01.2014 00:09:46.283,1.47528,1.47328,1.9600,2.2900
22.01.2014 00:09:47.571,1.47528,1.47328,2.7900,2.1900
22.01.2014 00:09:48.856,1.47528,1.47328,1.3900,2.9200
22.01.2014 00:09:50.211,1.47529,1.47329,2.4100,1.1300
22.01.2014 00:09:51.753,1.47531,1.47331,2.2200,2.2700
22.01.2014 00:09:53.209,1.47531,1.47331,2.8700,1.8600
22.01.2014 00:09:54.558,1.47532,1.47332,1.6300,1.3800
22.01.2014 00:09:55.992,1.47533,1.47333,2.9600,1.5200
22.01.2014 00:09:57.399,1.47537,1.47337,1.9700,1.4300
22.01.2014 00:09:58.969,1.47533,1.47333,2.4400,1.6300
22.01.2014 00:10:00.463,1.47533,1.47333,2.1700,2.7600
22.01.2014 00:10:01.837,1.47533,1.47333,1.0300,2.5200
22.01.2014 00:10:03.141,1.47532,1.47332,1.8700,1.4900
22.01.2014 00:10:04.604,1.47530,1.47330,1.3700,2.5300
22.01.2014 00:10:06.041,1.47529,1.47329,2.9300,1.5000
22.01.2014 00:10:07.530,1.47529,1.47329,2.0100,2.8500
22.01.2014 00:10:08.877,1.47529,1.47329,2.3300,1.1300
22.01.2014 00:10:10.363,1.47527,1.47327,2.1300,1.3200
22.01.2014 00:10:11.812,1.47528,1.47328,2.4800,2.9700
22.01.2014 00:10:13.344,1.47530,1.47330,2.9400,2.0300
22.01.2014 00:10:14.799,1.47532,1.47332,2.4000,1.3100
22.01.2014 00:10:16.201,1.47532,1.47332,2.2100,1.3200
22.01.2014 00:10:17.429,1.47531,1.47331,2.2400,2.9300
22.01.2014 00:10:18.779,1.47528,1.47328,1.7100,1.8800
22.01.2014 00:10:20.107,1.47530,1.47330,1.9100,1.5800
22.01.2014 00:10:21.570,1.47529,1.47329,1.3000,2.5800
22.01.2014 00:10:22.923,1.47526,1.47326,1.7100,1.4400
22.01.2014 00:10:24.465,1.47523,1.47323,1.5300,2.1900
22.01.2014 00:10:26.035,1.47522,1.47322,2.6400,1.4000
22.01.2014 00:10:27.430,1.47521,1.47321,1.1100,1.2100
22.01.2014 00:10:28.826,1.47522,1.47322,2.2900,1.5000
22.01.2014 00:10:30.290,1.47519,1.47319,1.9500,1.9400
22.01.2014 00:10:31.794,1.47518,1.47318,1.8400,1.0300
22.01.2014 00:10:33.329,1.47518,1.47318,1.9400,2.1100
22.01.2014 00:10:34.674,1.47516,1.47316,2.5800,2.0600
22.01.2014 00:10:36.180,1.47518,1.47318,1.8800,1.2100
22.01.2014 00:10:37.550,1.47517,1.47317,1.1400,1.9300
22.01.2014 00:10:38.903,1.47516,1.47316,1.4400,1.6000
22.01.2014 00:10:40.398,1.47515,1.47315,2.3300,2.4900
22.01.2014 00:10:41.737,1.47514,1.47314,2.8300,2.1100
22.01.2014 00:10:43.226,1.47519,1.47319,2.3800,2.3900
22.01.2014 00:10:44.547,1.47518,1.47318,2.2400,2.9000
22.01.2014 00:10:45.965,1.47518,1.47318,2.5000,1.2300
22.01.2014 00:10:47.259,1.47520,1.47320,1.2900,2.8600
22.01.2014 00:10:48.698,1.47522,1.47322,1.8400,2.1200
22.01.2014 00:10:50.242,1.47525,1.47325,2.2900,1.1100
22.01.2014 00:10:51.764,1.47523,1.47323,1.1400,2.3200
22.01.2014 00:10:53.201,1.47521,1.47321,1.6900,1.8300
22.01.2014 00:10:54.326,1.47521,1.47321,2.5200,2.9600
22.01.2014 00:10:55.683,1.47518,1.47318,2.6400,2.5600
22.01.2014 00:10:57.191,1.47521,1.47321,1.3300,1.8500
22.01.2014 00:10:58.786,1.47521,1.47321,2.8100,1.3900
22.01.2014 00:11:00.186,1.47521,1.47321,2.6500,1.6500
22.01.2014 00:11:01.672,1.47520,1.47320,1.8100,2.8100
22.01.2014 00:11:02.995,1.47522,1.47322,1.4600,1.8300
22.01.2014 00:11:04.203,1.47523,1.47323,1.6200,2.1200
22.01.2014 00:11:05.705,1.47523,1.47323,1.6100,2.5000
22.01.2014 00:11:07.067,1.47524,1.47324,2.8400,2.5300
22.01.2014 00:11:08.474,1.47525,1.47325,2.9800,2.5900
22.01.2014 00:11:10.033,1.47522,1.47322,2.2000,1.6400
22.01.2014 00:11:11.331,1.47521,1.47321,1.4300,2.6400
22.01.2014 00:11:12.786,1.47521,1.47321,2.9700,1.2200
22.01.2014 00:11:14.035,1.47519,1.47319,2.7300,1.7100
22.01.2014 00:11:15.413,1.47521,1.47321,2.2000,2.9400
22.01.2014 00:11:16.917,1.47522,1.47322,1.5800,2.5000
22.01.2014 00:11:18.329,1.47523,1.47323,2.1200,1.1400
22.01.2014 00:11:19.648,1.47524,1.47324,2.7700,1.9600
22.01.2014 00:11:21.071,1.47525,1.47325,1.2300,2.7600
22.01.2014 00:11:22.588,1.47521,1.47321,1.3000,2.1400
22.01.2014 00:11:23.986,1.47526,1.47326,1.4900,1.3800
22.01.2014 00:11:25.572,1.47526,1.47326,2.7500,1.2300
22.01.2014 00:11:27.128,1.47525,1.47325,1.9700,1.2500
22.01.2014 00:11:28.475,1.47528,1.47328,1.8200,2.8100
22.01.2014 00:11:29.814,1.47528,1.47328,2.0200,1.1000
22.01.2014 00:11:31.238,1.47531,1.47331,2.7600,2.2600
22.01.2014 00:11:32.742,1.47532,1.47332,2.8900,2.0400
22.01.2014 00:11:34.222,1.47533,1.47333,1.0800,2.1000
22.01.2014 00:11:35.573,1.47533,1.47333,1.0300,1.1400
22.01.2014 00:11:36.898,1.47532,1.47332,2.1200,1.4400
22.01.2014 00:11:38.355,1.47534,1.47334,1.1400,2.9100
22.01.2014 00:11:39.670,1.47537,1.47337,1.1800,1.0400
22.01.2014 00:11:40.998,1.47533,1.47333,2.8500,1.9900
22.01.2014 00:11:42.406,1.47533,1.47333,1.1700,2.9800
22.01.2014 00:11:43.770,1.47533,1.47333,2.3500,1.6100
22.01.2014 00:11:45.227,1.47534,1.47334,1.2500,1.0300
22.01.2014 00:11:46.441,1.47532,1.47332,2.2600,1.0300
22.01.2014 00:11:47.941,1.47532,1.47332,2.7500,1.8100
22.01.2014 00:11:49.442,1.47529,1.47329,2.9600,2.3200
22.01.2014 00:11:51.051,1.47527,1.47327,2.2200,1.6600
22.01.2014 00:11:52.566,1.47527,1.47327,2.8200,2.9400
22.01.2014 00:11:53.830,1.47527,1.47327,2.3800,2.7000
22.01.2014 00:11:55.213,1.47528,1.47328,2.9500,1.6000
22.01.2014 00:11:56.538,1.47527,1.47327,1.3300,2.2600
22.01.2014 00:11:58.016,1.47529,1.47329,2.5600,1.7500
22.01.2014 00:11:59.414,1.47529,1.47329,2.5800,1.4600
22.01.2014 00:12:00.834,1.47527,1.47327,2.3700,2.2400
22.01.2014 00:12:02.057,1.47527,1.47327,1.7700,1.0500
22.01.2014 00:12:03.441,1.47526,1.47326,1.1900,2.7900
22.01.2014 00:12:04.935,1.47527,1.47327,2.6800,1.8400
22.01.2014 00:12:06.252,1.47525,1.47325,1.2000,2.0100
22.01.2014 00:12:07.656,1.47526,1.47326,1.8000,2.8500
22.01.2014 00:12:08.967,1.47526,1.47326,1.9700,2.7300
22.01.2014 00:12:10.512,1.47525,1.47325,2.8400,1.5300
22.01.2014 00:12:11.988,1.47523,1.47323,2.5800,1.8100
22.01.2014 00:12:13.313,1.47525,1.47325,1.0900,2.8900
22.01.2014 00:12:14.695,1.47528,1.47328,1.3400,2.3100
22.01.2014 00:12:16.037,1.47528,1.47328,1.3000,2.7000
22.01.2014 00:12:17.273,1.47530,1.47330,1.0800,2.0900
22.01.2014 00:12:18.812,1.47529,1.47329,2.7600,2.3900
22.01.2014 00:12:20.232,1.47529,1.47329,1.8900,1.4300
22.01.2014 00:12:21.446,1.47531,1.47331,1.2100,2.4700
22.01.2014 00:12:22.955,1.47528,1.47328,1.7100,1.6200
22.01.2014 00:12:24.221,1.47528,1.47328,2.2200,1.1100
22.01.2014 00:12:25.478,1.47527,1.47327,1.9800,2.6200
22.01.2014 00:12:26.952,1.47528,1.47328,2.3200,2.2400
22.01.2014 00:12:28.294,1.47530,1.47330,1.9600,2.4200
22.01.2014 00:12:29.761,1.47531,1.47331,2.0700,2.9800
22.01.2014 00:12:31.219,1.47530,1.47330,2.5300,2.2000
22.01.2014 00:12:32.720,1.47533,1.47333,2.9700,1.2300
22.01.2014 00:12:34.060,1.47531,1.47331,2.2700,1.5100
22.01.2014 00:12:35.514,1.47534,1.47334,1.6600,1.4300
22.01.2014 00:12:36.831,1.47533,1.47333,1.5300,1.7700
22.01.2014 00:12:38.230,1.47535,1.47335,2.8400,1.0900
22.01.2014 00:12:39.587,1.47533,1.47333,1.6900,2.6700
22.01.2014 00:12:41.005,1.47535,1.47335,1.4300,2.3400
22.01.2014 00:12:42.485,1.47535,1.47335,1.7000,2.7200
22.01.2014 00:12:43.806,1.47531,1.47331,1.6700,2.1300
22.01.2014 00:12:45.196,1.47532,1.47332,2.9900,2.5200
22.01.2014 00:12:46.549,1.47532,1.47332,1.0000,1.2300
22.01.2014 00:12:47.958,1.47535,1.47335,1.9000,2.0000
22.01.2014 00:12:49.357,1.47532,1.47332,1.7400,1.2100
22.01.2014 00:12:50.883,1.47534,1.47334,2.4400,1.1300
22.01.2014 00:12:52.371,1.47534,1.47334,2.3600,1.7600
22.01.2014 00:12:53.922,1.47537,1.47337,2.0200,2.8400
22.01.2014 00:12:55.262,1.47536,1.47336,1.2400,1.6800
22.01.2014 00:12:56.788,1.47538,1.47338,2.8300,1.3500
22.01.2014 00:12:58.160,1.47536,1.47336,2.9600,1.1100
22.01.2014 00:12:59.464,1.47534,1.47334,1.1200,1.5300
22.01.2014 00:13:00.967,1.47533,1.47333,2.4700,2.2600
22.01.2014 00:13:02.397,1.47535,1.47335,2.2400,2.3100
22.01.2014 00:13:03.764,1.47536,1.47336,1.1300,2.9400
22.01.2014 00:13:05.140,1.47537,1.47337,3.0000,1.8900
22.01.2014 00:13:06.406,1.47535,1.47335,2.7200,1.1300
22.01.2014 00:13:07.835,1.47535,1.47335,2.2800,2.3300
22.01.2014 00:13:09.184,1.47535,1.47335,2.2300,1.3700
22.01.2014 00:13:10.442,1.47535,1.47335,1.9700,1.3800
22.01.2014 00:13:11.796,1.47533,1.47333,2.6400,1.1200
22.01.2014 00:13:13.169,1.47537,1.47337,1.8000,2.3300
22.01.2014 00:13:14.528,1.47539,1.47339,1.8300,2.1000
22.01.2014 00:13:15.882,1.47537,1.47337,2.1100,1.4800
22.01.2014 00:13:17.368,1.47535,1.47335,1.1200,1.9400
22.01.2014 00:13:18.702,1.47534,1.47334,2.3000,2.4300
22.01.2014 00:13:20.155,1.47535,1.47335,2.7300,1.3100
22.01.2014 00:13:21.647,1.47533,1.47333,2.1200,2.2000
22.01.2014 00:13:22.974,1.47530,1.47330,1.6100,1.8100
22.01.2014 00:13:24.438,1.47528,1.47328,2.3600,2.3200
22.01.2014 00:13:25.897,1.47525,1.47325,2.7900,2.8100
22.01.2014 00:13:27.242,1.47524,1.47324,1.4700,2.3800
22.01.2014 00:13:28.609,1.47525,1.47325,1.4400,1.7700
22.01.2014 00:13:29.881,1.47523,1.47323,1.1300,2.2700
22.01.2014 00:13:31.250,1.47522,1.47322,2.0100,2.8000
22.01.2014 00:13:32.605,1.47522,1.47322,1.5300,2.6300
22.01.2014 00:13:34.077,1.47522,1.47322,1.1800,1.5300
22.01.2014 00:13:35.501,1.47524,1.47324,1.6200,1.3100
22.01.2014 00:13:36.906,1.47522,1.47322,2.1900,1.5600
22.01.2014 00:13:38.237,1.47521,1.47321,2.3500,2.3400
22.01.2014 00:13:39.561,1.47520,1.47320,2.4400,2.8200
22.01.2014 00:13:41.109,1.47518,1.47318,2.2400,2.4100
22.01.2014 00:13:42.462,1.47517,1.47317,2.0300,3.0000
22.01.2014 00:13:43.878,1.47519,1.47319,2.7900,1.2100
22.01.2014 00:13:45.284,1.47520,1.47320,2.4200,2.2400
22.01.2014 00:13:46.661,1.47521,1.47321,2.9300,1.1900
22.01.2014 00:13:48.190,1.47517,1.47317,2.5400,2.1400
22.01.2014 00:13:49.793,1.47519,1.47319,2.7700,2.9800
22.01.2014 00:13:51.159,1.47522,1.47322,2.1800,2.3100
22.01.2014 00:13:52.479,1.47520,1.47320,2.0700,1.9400
22.01.2014 00:13:53.772,1.47523,1.47323,1.1600,2.9700
22.01.2014 00:13:55.091,1.47522,1.47322,2.9100,2.7300
22.01.2014 00:13:56.531,1.47521,1.47321,1.3400,1.1200
22.01.2014 00:13:57.889,1.47520,1.47320,2.2100,2.0800
22.01.2014 00:13:59.374,1.47522,1.47322,1.7900,1.7800
22.01.2014 00:14:00.766,1.47519,1.47319,2.2900,2.5100
22.01.2014 00:14:02.194,1.47519,1.47319,2.6900,2.8300
22.01.2014 00:14:03.652,1.47518,1.47318,1.5900,2.9100
22.01.2014 00:14:04.989,1.47517,1.47317,2.6200,1.3500
22.01.2014 00:14:06.371,1.47519,1.47319,1.5100,2.8700
22.01.2014 00:14:07.653,1.47517,1.47317,2.3100,2.5000
22.01.2014 00:14:08.919,1.47517,1.47317,2.4400,2.5900
22.01.2014 00:14:10.298,1.47518,1.47318,2.1400,2.5100
22.01.2014 00:14:11.607,1.47519,1.47319,1.5500,2.1600
22.01.2014 00:14:13.098,1.47519,1.47319,2.8500,1.8300
22.01.2014 00:14:14.725,1.47516,1.47316,1.9100,1.1000
22.01.2014 00:14:16.169,1.47514,1.47314,2.5400,1.4800
22.01.2014 00:14:17.529,1.47513,1.47313,2.9300,2.2600
22.01.2014 00:14:18.928,1.47513,1.47313,2.9000,2.9300
22.01.2014 00:14:20.563,1.47515,1.47315,3.0000,2.9400
22.01.2014 00:14:21.993,1.47517,1.47317,2.5600,2.9100
22.01.2014 00:14:23.249,1.47515,1.47315,1.8000,2.8500
22.01.2014 00:14:24.667,1.47516,1.47316,2.1300,2.5700
22.01.2014 00:14:26.171,1.47514,1.47314,2.8900,1.5800
22.01.2014 00:14:27.589,1.47517,1.47317,1.8200,1.4100
22.01.2014 00:14:29.063,1.47516,1.47316,2.0600,1.9000
22.01.2014 00:14:30.498,1.47517,1.47317,1.8500,2.3600
22.01.2014 00:14:31.847,1.47517,1.47317,1.2300,2.6900
22.01.2014 00:14:33.270,1.47515,1.47315,2.7500,2.3500
22.01.2014 00:14:34.836,1.47515,1.47315,1.1200,1.1300
22.01.2014 00:14:36.199,1.47518,1.47318,2.6500,1.5600
22.01.2014 00:14:37.693,1.47518,1.47318,2.5600,2.7100
22.01.2014 00:14:38.972,1.47514,1.47314,1.2800,1.9200
22.01.2014 00:14:40.204,1.47514,1.47314,2.6100,1.4300
22.01.2014 00:14:41.626,1.47511,1.47311,1.0200,2.4200
22.01.2014 00:14:42.965,1.47511,1.47311,1.1300,1.6000
22.01.2014 00:14:44.449,1.47510,1.47310,2.3700,2.8000
22.01.2014 00:14:45.917,1.47508,1.47308,1.6000,2.9700
22.01.2014 00:14:47.316,1.47510,1.47310,2.5600,1.0900
22.01.2014 00:14:48.663,1.47511,1.47311,1.5500,2.7600
22.01.2014 00:14:50.210,1.47510,1.47310,1.7700,1.7100
22.01.2014 00:14:51.526,1.47511,1.47311,2.8900,1.3000
22.01.2014 00:14:52.907,1.47509,1.47309,1.4700,2.5600
22.01.2014 00:14:54.223,1.47508,1.47308,1.3600,1.8000
22.01.2014 00:14:55.592,1.47507,1.47307,1.4900,2.1700
22.01.2014 00:14:57.002,1.47507,1.47307,2.4400,1.5800
22.01.2014 00:14:58.552,1.47504,1.47304,1.5000,1.0100
22.01.2014 00:14:59.831,1.47499,1.47299,1.8700,1.7800
22.01.2014 00:15:01.383,1.47500,1.47300,1.6700,2.5300
22.01.2014 00:15:03.002,1.47501,1.47301,2.0100,1.2200
22.01.2014 00:15:04.479,1.47497,1.47297,2.8000,1.0300
22.01.2014 00:15:05.823,1.47496,1.47296,2.6700,2.0100
22.01.2014 00:15:07.205,1.47497,1.47297,1.8200,2.3000
22.01.2014 00:15:08.701,1.47498,1.47298,1.2700,1.7900
22.01.2014 00:15:10.103,1.47498,1.47298,2.2900,2.1100
22.01.2014 00:15:11.676,1.47499,1.47299,1.2200,2.6400
22.01.2014 00:15:13.183,1.47500,1.47300,1.8100,2.0400
22.01.2014 00:15:14.487,1.47499,1.47299,2.1300,2.6300
22.01.2014 00:15:15.811,1.47499,1.47299,1.7700,1.4000
22.01.2014 00:15:17.019,1.47500,1.47300,1.8200,2.0300
22.01.2014 00:15:18.447,1.47500,1.47300,1.9800,1.3800
22.01.2014 00:15:19.931,1.47502,1.47302,1.0500,3.0000
22.01.2014 00:15:21.353,1.47503,1.47303,2.7900,1.3300
22.01.2014 00:15:22.543,1.47502,1.47302,1.9600,1.2800
22.01.2014 00:15:23.721,1.47503,1.47303,1.8000,2.4400
22.01.2014 00:15:25.205,1.47504,1.47304,2.2400,1.6100
22.01.2014 00:15:26.683,1.47505,1.47305,1.5900,2.0300
22.01.2014 00:15:28.150,1.47505,1.47305,1.6400,1.4500
22.01.2014 00:15:29.708,1.47505,1.47305,1.9900,2.4700
22.01.2014 00:15:31.106,1.47506,1.47306,1.4900,1.9900
22.01.2014 00:15:32.425,1.47508,1.47308,2.8400,1.3700
22.01.2014 00:15:33.796,1.47508,1.47308,1.6000,2.0000
22.01.2014 00:15:35.280,1.47507,1.47307,2.4100,1.9100
22.01.2014 00:15:36.619,1.47508,1.47308,2.4800,1.6500
22.01.2014 00:15:37.911,1.47508,1.47308,1.4800,2.8000
22.01.2014 00:15:39.283,1.47507,1.47307,1.2200,2.9500
22.01.2014 00:15:40.759,1.47507,1.47307,1.9100,2.9700
22.01.2014 00:15:42.115,1.47507,1.47307,1.3000,2.9200
22.01.2014 00:15:43.255,1.47508,1.47308,1.0800,1.9400
22.01.2014 00:15:44.697,1.47509,1.47309,2.4000,1.3500
22.01.2014 00:15:46.225,1.47511,1.47311,1.4400,1.9700
22.01.2014 00:15:47.704,1.47509,1.47309,2.0000,2.0900
22.01.2014 00:15:48.996,1.47509,1.47309,2.3700,2.9000
22.01.2014 00:15:50.484,1.47511,1.47311,1.6900,2.0000
22.01.2014 00:15:51.943,1.47511,1.47311,1.1200,1.0200
22.01.2014 00:15:53.175,1.47512,1.47312,2.7200,1.8100
22.01.2014 00:15:54.737,1.47512,1.47312,1.7700,1.6500
22.01.2014 00:15:56.202,1.47514,1.47314,1.1200,2.7500
22.01.2014 00:15:57.709,1.47513,1.47313,2.6000,1.4600
22.01.2014 00:15:59.113,1.47513,1.47313,1.6300,2.3900
22.01.2014 00:16:00.340,1.47515,1.47315,2.4700,1.8400
22.01.2014 00:16:01.784,1.47513,1.47313,1.4000,2.1300
22.01.2014 00:16:03.239,1.47515,1.47315,2.8400,1.2300
22.01.2014 00:16:04.675,1.47518,1.47318,2.7500,2.2300
22.01.2014 00:16:06.053,1.47517,1.47317,2.3100,2.4700
22.01.2014 00:16:07.682,1.47519,1.47319,1.9800,1.4700
22.01.2014 00:16:09.083,1.47520,1.47320,2.4800,2.2900
22.01.2014 00:16:10.327,1.47519,1.47319,2.7400,1.3300
22.01.2014 00:16:11.830,1.47518,1.47318,2.0500,1.5600
22.01.2014 00:16:13.273,1.47516,1.47316,2.0300,2.1000
22.01.2014 00:16:14.468,1.47518,1.47318,1.3500,1.7500
22.01.2014 00:16:15.859,1.47517,1.47317,1.4600,2.7500
22.01.2014 00:16:17.193,1.47514,1.47314,3.0000,1.1200
22.01.2014 00:16:18.567,1.47514,1.47314,1.7100,2.1400
22.01.2014 00:16:20.046,1.47513,1.47313,1.4400,2.5000
22.01.2014 00:16:21.283,1.47511,1.47311,1.2100,1.0800
22.01.2014 00:16:22.650,1.47513,1.47313,1.7500,1.2600
22.01.2014 00:16:24.069,1.47511,1.47311,1.9200,2.9900
22.01.2014 00:16:25.429,1.47509,1.47309,2.3700,2.4400
22.01.2014 00:16:26.701,1.47508,1.47308,2.7800,1.5200
22.01.2014 00:16:28.108,1.47508,1.47308,1.7200,1.2700
22.01.2014 00:16:29.460,1.47509,1.47309,2.9100,1.2100
22.01.2014 00:16:30.961,1.47507,1.47307,1.0900,2.0100
22.01.2014 00:16:32.349,1.47507,1.47307,2.5200,1.1600
22.01.2014 00:16:33.746,1.47503,1.47303,2.7400,2.0700
22.01.2014 00:16:35.062,1.47502,1.47302,1.8900,1.3700
22.01.2014 00:16:36.503,1.47503,1.47303,2.0700,1.3600
22.01.2014 00:16:38.079,1.47504,1.47304,2.0800,2.1300
22.01.2014 00:16:39.453,1.47507,1.47307,1.6400,2.7600
22.01.2014 00:16:40.854,1.47506,1.47306,2.4400,1.4900
22.01.2014 00:16:42.247,1.47506,1.47306,1.4300,1.7900
22.01.2014 00:16:43.594,1.47507,1.47307,2.0300,2.0700
22.01.2014 00:16:44.969,1.47504,1.47304,1.2600,2.6100
22.01.2014 00:16:46.357,1.47504,1.47304,1.3400,1.4500
22.01.2014 00:16:47.757,1.47505,1.47305,2.1700,1.6600
22.01.2014 00:16:49.019,1.47506,1.47306,1.1500,1.2600
22.01.2014 00:16:50.244,1.47505,1.47305,2.4300,1.5000
22.01.2014 00:16:51.673,1.47506,1.47306,1.2900,2.0200
22.01.2014 00:16:52.990,1.47503,1.47303,2.3800,1.8200
22.01.2014 00:16:54.361,1.47503,1.47303,1.4300,1.4000
22.01.2014 00:16:55.821,1.47503,1.47303,1.9900,2.2900
22.01.2014 00:16:57.122,1.47504,1.47304,2.8900,1.4800
22.01.2014 00:16:58.493,1.47507,1.47307,2.3000,2.6800
22.01.2014 00:16:59.850,1.47507,1.47307,1.9900,2.2400
22.01.2014 00:17:01.330,1.47505,1.47305,1.1400,1.2500
22.01.2014 00:17:02.824,1.47508,1.47308,1.5900,1.9200
22.01.2014 00:17:04.272,1.47508,1.47308,1.2700,1.2800
22.01.2014 00:17:05.613,1.47510,1.47310,1.6700,1.9600
22.01.2014 00:17:07.006,1.47509,1.47309,2.6400,1.3500
22.01.2014 00:17:08.444,1.47511,1.47311,2.8900,1.4500
22.01.2014 00:17:09.832,1.47510,1.47310,2.9000,2.1800
22.01.2014 00:17:11.328,1.47513,1.47313,1.3700,2.9000
22.01.2014 00:17:12.726,1.47511,1.47311,1.4800,1.5800
22.01.2014 00:17:14.311,1.47511,1.47311,1.6000,2.8500
22.01.2014 00:17:15.767,1.47513,1.47313,1.1100,2.1300
22.01.2014 00:17:17.212,1.47511,1.47311,2.0900,1.7500
22.01.2014 00:17:18.812,1.47510,1.47310,1.0800,2.2400
22.01.2014 00:17:20.318,1.47510,1.47310,2.7200,2.4700
22.01.2014 00:17:21.533,1.47510,1.47310,1.7000,1.9400
22.01.2014 00:17:22.999,1.47504,1.47304,2.5400,2.3000
22.01.2014 00:17:24.447,1.47509,1.47309,1.9900,1.8500
22.01.2014 00:17:25.729,1.47508,1.47308,1.3000,2.4600
22.01.2014 00:17:27.184,1.47508,1.47308,1.7300,1.2300
22.01.2014 00:17:28.580,1.47510,1.47310,2.8500,1.3900
22.01.2014 00:17:30.124,1.47510,1.47310,2.0000,2.9200
22.01.2014 00:17:31.471,1.47511,1.47311,1.2200,2.3800
22.01.2014 00:17:32.869,1.47511,1.47311,2.8200,1.4800
22.01.2014 00:17:34.121,1.47510,1.47310,2.9900,1.0000
22.01.2014 00:17:35.557,1.47510,1.47310,1.4000,2.9300
22.01.2014 00:17:37.070,1.47510,1.47310,2.0300,2.1200
22.01.2014 00:17:38.193,1.47511,1.47311,2.3900,1.0700
22.01.2014 00:17:39.598,1.47510,1.47310,1.7200,1.2700
22.01.2014 00:17:40.919,1.47510,1.47310,1.7800,1.5200
22.01.2014 00:17:42.321,1.47513,1.47313,2.9100,1.6200
22.01.2014 00:17:43.805,1.47513,1.47313,1.1000,1.3300
22.01.2014 00:17:45.273,1.47512,1.47312,2.1500,1.1300
22.01.2014 00:17:46.706,1.47512,1.47312,2.1000,1.9900
22.01.2014 00:17:48.110,1.47510,1.47310,1.2100,1.6800
22.01.2014 00:17:49.591,1.47508,1.47308,1.3800,2.0200
22.01.2014 00:17:50.901,1.47509,1.47309,2.2100,2.1300
22.01.2014 00:17:52.288,1.47510,1.47310,2.5500,1.8300
22.01.2014 00:17:53.582,1.47510,1.47310,2.7200,1.4600
22.01.2014 00:17:54.831,1.47508,1.47308,2.8900,2.0200
22.01.2014 00:17:56.339,1.47508,1.47308,2.9200,1.9600
22.01.2014 00:17:57.720,1.47507,1.47307,1.3700,2.6100
22.01.2014 00:17:58.904,1.47504,1.47304,2.5100,1.3100
22.01.2014 00:18:00.300,1.47504,1.47304,2.7400,1.4500
22.01.2014 00:18:01.728,1.47508,1.47308,1.4500,2.4900
22.01.2014 00:18:03.029,1.47508,1.47308,2.3300,2.3900
22.01.2014 00:18:04.438,1.47506,1.47306,1.7900,2.5400
22.01.2014 00:18:05.859,1.47506,1.47306,1.4400,1.2600
22.01.2014 00:18:07.198,1.47504,1.47304,1.8900,2.5500
22.01.2014 00:18:08.579,1.47504,1.47304,2.7400,1.2300
22.01.2014 00:18:10.023,1.47503,1.47303,1.1400,2.6900
22.01.2014 00:18:11.390,1.47501,1.47301,1.7700,2.4700
22.01.2014 00:18:12.709,1.47502,1.47302,2.5500,2.9900
22.01.2014 00:18:14.151,1.47503,1.47303,1.7600,2.1100
22.01.2014 00:18:15.542,1.47503,1.47303,1.9400,1.7000
22.01.2014 00:18:16.959,1.47502,1.47302,2.2600,1.6700
22.01.2014 00:18:18.370,1.47505,1.47305,2.7800,1.7000
22.01.2014 00:18:19.746,1.47503,1.47303,2.1200,1.6300
22.01.2014 00:18:21.164,1.47502,1.47302,2.2300,1.5000
22.01.2014 00:18:22.570,1.47503,1.47303,2.7300,1.4500
22.01.2014 00:18:23.948,1.47502,1.47302,1.1200,1.0300
22.01.2014 00:18:25.293,1.47501,1.47301,1.9300,2.6400
22.01.2014 00:18:26.814,1.47498,1.47298,1.7700,1.3900
22.01.2014 00:18:28.146,1.47499,1.47299,1.5100,1.7200
22.01.2014 00:18:29.568,1.47499,1.47299,2.9000,1.8200
22.01.2014 00:18:30.879,1.47500,1.47300,2.8400,1.1000
22.01.2014 00:18:32.302,1.47500,1.47300,2.7100,2.8400
22.01.2014 00:18:33.761,1.47502,1.47302,1.4300,2.3700
22.01.2014 00:18:35.133,1.47500,1.47300,1.4200,1.4700
22.01.2014 00:18:36.535,1.47500,1.47300,2.2200,1.6100
22.01.2014 00:18:38.049,1.47499,1.47299,2.7100,2.5000
22.01.2014 00:18:39.417,1.47499,1.47299,1.3900,2.5500
22.01.2014 00:18:40.926,1.47498,1.47298,1.6400,1.7300
22.01.2014 00:18:42.349,1.47496,1.47296,1.4500,2.2200
22.01.2014 00:18:43.681,1.47496,1.47296,1.3700,2.0400
22.01.2014 00:18:45.017,1.47498,1.47298,2.0900,2.6100
22.01.2014 00:18:46.507,1.47496,1.47296,2.1700,1.7800
22.01.2014 00:18:47.993,1.47498,1.47298,1.7600,2.0900
22.01.2014 00:18:49.362,1.47501,1.47301,1.9200,2.8100
22.01.2014 00:18:50.803,1.47496,1.47296,1.8900,1.6500
22.01.2014 00:18:52.379,1.47495,1.47295,1.0200,1.8200
22.01.2014 00:18:53.928,1.47495,1.47295,1.3700,1.2200
22.01.2014 00:18:55.182,1.47495,1.47295,1.8800,2.6600
22.01.2014 00:18:56.579,1.47497,1.47297,1.6800,2.3100
22.01.2014 00:18:58.107,1.47498,1.47298,1.7000,1.8600
22.01.2014 00:18:59.551,1.47498,1.47298,1.3000,1.2400
22.01.2014 00:19:00.814,1.47496,1.47296,1.7300,3.0000
22.01.2014 00:19:02.235,1.47495,1.47295,2.1900,2.0200
22.01.2014 00:19:03.568,1.47494,1.47294,2.0100,1.1900
22.01.2014 00:19:04.953,1.47495,1.47295,1.4300,2.8000
22.01.2014 00:19:06.305,1.47495,1.47295,2.6200,2.0600
22.01.2014 00:19:07.846,1.47496,1.47296,2.0400,1.5100
22.01.2014 00:19:09.194,1.47498,1.47298,2.7100,1.0600
22.01.2014 00:19:10.818,1.47499,1.47299,1.8400,1.1900
22.01.2014 00:19:12.285,1.47499,1.47299,1.7400,1.9900
22.01.2014 00:19:13.620,1.47501,1.47301,2.4300,2.3200
22.01.2014 00:19:14.918,1.47502,1.47302,2.5300,2.3000
22.01.2014 00:19:16.450,1.47497,1.47297,2.0700,1.3000
22.01.2014 00:19:17.939,1.47496,1.47296,1.4400,1.5000
22.01.2014 00:19:19.318,1.47495,1.47295,2.7800,1.6800
22.01.2014 00:19:20.894,1.47493,1.47293,2.9000,2.7400
22.01.2014 00:19:22.489,1.47494,1.47294,2.7500,2.4700
22.01.2014 00:19:23.885,1.47491,1.47291,1.5100,2.8900
22.01.2014 00:19:25.360,1.47492,1.47292,1.2300,1.2000
22.01.2014 00:19:26.821,1.47494,1.47294,2.0900,2.7500
22.01.2014 00:19:28.191,1.47497,1.47297,2.4900,2.9000
22.01.2014 00:19:29.716,1.47498,1.47298,2.1200,1.4100
22.01.2014 00:19:30.863,1.47496,1.47296,2.5200,2.9300
22.01.2014 00:19:32.305,1.47498,1.47298,2.6400,2.3400
22.01.2014 00:19:33.601,1.47499,1.47299,2.4300,2.0500
22.01.2014 00:19:34.907,1.47499,1.47299,2.7100,1.2800
22.01.2014 00:19:36.487,1.47501,1.47301,2.3400,1.5700
22.01.2014 00:19:37.948,1.47502,1.47302,1.4100,1.9400
22.01.2014 00:19:39.357,1.47501,1.47301,2.9100,2.0800
22.01.2014 00:19:40.881,1.47505,1.47305,2.6000,1.3500
22.01.2014 00:19:42.326,1.47505,1.47305,2.5300,1.6500
22.01.2014 00:19:43.860,1.47502,1.47302,1.9600,1.7800
22.01.2014 00:19:45.183,1.47499,1.47299,2.5400,1.8500
22.01.2014 00:19:46.542,1.47499,1.47299,1.0800,2.2600
22.01.2014 00:19:48.001,1.47497,1.47297,3.0000,2.5300
22.01.2014 00:19:49.441,1.47496,1.47296,1.4900,2.0800
22.01.2014 00:19:50.860,1.47499,1.47299,1.5300,2.4000
22.01.2014 00:19:52.169,1.47499,1.47299,1.5200,2.5200
22.01.2014 00:19:53.550,1.47500,1.47300,1.4400,1.3500
22.01.2014 00:19:54.955,1.47499,1.47299,1.6800,1.5700
22.01.2014 00:19:56.282,1.47499,1.47299,2.5800,1.7100
22.01.2014 00:19:57.700,1.47500,1.47300,2.4900,1.2700
22.01.2014 00:19:59.063,1.47499,1.47299,1.3700,2.4000
22.01.2014 00:20:00.620,1.47500,1.47300,2.4800,2.0100
22.01.2014 00:20:02.031,1.47500,1.47300,1.5400,2.7200
22.01.2014 00:20:03.588,1.47502,1.47302,2.3500,2.2400
22.01.2014 00:20:05.174,1.47503,1.47303,3.0000,2.0000
22.01.2014 00:20:06.487,1.47504,1.47304,2.4900,2.3500
22.01.2014 00:20:07.920,1.47502,1.47302,2.8600,2.9000
22.01.2014 00:20:09.325,1.47500,1.47300,2.7300,1.9200
22.01.2014 00:20:10.712,1.47502,1.47302,2.0600,2.5500
22.01.2014 00:20:12.062,1.47499,1.47299,2.6900,1.8100
22.01.2014 00:20:13.369,1.47500,1.47300,2.4100,2.8500
22.01.2014 00:20:14.767,1.47501,1.47301,1.2900,2.2800
22.01.2014 00:20:15.913,1.47502,1.47302,1.2700,2.5900
22.01.2014 00:20:17.241,1.47503,1.47303,2.1900,1.6700
22.01.2014 00:20:18.490,1.47504,1.47304,1.9600,2.3500
22.01.2014 00:20:19.819,1.47505,1.47305,2.1700,2.4000
22.01.2014 00:20:21.120,1.47505,1.47305,2.9100,1.8500
22.01.2014 00:20:22.604,1.47505,1.47305,1.6600,2.4500
22.01.2014 00:20:24.044,1.47508,1.47308,2.9000,2.9400
22.01.2014 00:20:25.528,1.47505,1.47305,1.3100,2.8400
22.01.2014 00:20:27.022,1.47504,1.47304,1.0300,1.6400
22.01.2014 00:20:28.357,1.47505,1.47305,2.6300,2.4300
22.01.2014 00:20:29.724,1.47503,1.47303,2.1800,2.6000
22.01.2014 00:20:31.046,1.47501,1.47301,1.1300,1.0400
22.01.2014 00:20:32.563,1.47500,1.47300,2.7700,2.0700
22.01.2014 00:20:33.893,1.47502,1.47302,2.3600,2.8100
22.01.2014 00:20:35.169,1.47498,1.47298,1.7400,2.8700
22.01.2014 00:20:36.609,1.47497,1.47297,2.3600,2.0500
22.01.2014 00:20:37.915,1.47496,1.47296,1.4800,2.1500
22.01.2014 00:20:39.114,1.47496,1.47296,2.2800,2.4100
22.01.2014 00:20:40.521,1.47494,1.47294,2.7400,2.6900
22.01.2014 00:20:42.012,1.47491,1.47291,1.4000,1.2100
22.01.2014 00:20:43.408,1.47489,1.47289,2.9700,1.1500
22.01.2014 00:20:44.791,1.47488,1.47288,2.0100,2.6700
22.01.2014 00:20:46.336,1.47490,1.47290,1.2500,1.2900
22.01.2014 00:20:47.796,1.47490,1.47290,2.2600,1.5100
22.01.2014 00:20:49.265,1.47491,1.47291,1.4200,1.8600
22.01.2014 00:20:50.751,1.47489,1.47289,2.7900,2.7500
22.01.2014 00:20:52.169,1.47490,1.47290,2.1100,2.4900
22.01.2014 00:20:53.431,1.47490,1.47290,1.7300,1.6500
22.01.2014 00:20:54.720,1.47490,1.47290,1.3900,1.5400
22.01.2014 00:20:56.164,1.47493,1.47293,1.5600,1.3900
22.01.2014 00:20:57.473,1.47493,1.47293,1.0200,2.6600
22.01.2014 00:20:59.045,1.47495,1.47295,1.0800,1.2200
22.01.2014 00:21:00.400,1.47492,1.47292,1.1600,1.6200
22.01.2014 00:21:01.916,1.47490,1.47290,1.4100,1.1900
22.01.2014 00:21:03.288,1.47488,1.47288,1.1100,1.2400
22.01.2014 00:21:04.739,1.47489,1.47289,2.7200,2.2500
22.01.2014 00:21:06.059,1.47489,1.47289,2.5700,2.2100
22.01.2014 00:21:07.496,1.47489,1.47289,1.5000,2.9500
22.01.2014 00:21:08.777,1.47489,1.47289,2.3100,1.0400
22.01.2014 00:21:10.057,1.47492,1.47292,2.9700,1.9900
22.01.2014 00:21:11.477,1.47489,1.47289,1.4800,1.3800
22.01.2014 00:21:12.928,1.47487,1.47287,2.9800,2.9000
22.01.2014 00:21:14.300,1.47487,1.47287,1.1700,1.5300
22.01.2014 00:21:15.701,1.47485,1.47285,2.4200,2.3800
22.01.2014 00:21:17.066,1.47484,1.47284,1.3400,2.8100
22.01.2014 00:21:18.607,1.47483,1.47283,2.0300,1.1100
22.01.2014 00:21:20.178,1.47482,1.47282,2.9200,1.9000
22.01.2014 00:21:21.551,1.47483,1.47283,2.8800,2.5000
22.01.2014 00:21:22.852,1.47484,1.47284,1.3900,1.1600
22.01.2014 00:21:24.300,1.47488,1.47288,1.5300,2.2500
22.01.2014 00:21:25.662,1.47491,1.47291,2.5800,2.7500
22.01.2014 00:21:27.144,1.47489,1.47289,1.6400,3.0000
22.01.2014 00:21:28.616,1.47491,1.47291,2.8500,2.8300
22.01.2014 00:21:29.978,1.47491,1.47291,1.4300,1.6100
22.01.2014 00:21:31.330,1.47492,1.47292,2.1400,2.7600
22.01.2014 00:21:32.782,1.47493,1.47293,2.9000,2.0400
22.01.2014 00:21:34.067,1.47492,1.47292,2.2700,2.0300
22.01.2014 00:21:35.455,1.47491,1.47291,2.4400,3.0000
22.01.2014 00:21:36.671,1.47489,1.47289,2.4200,1.0000
22.01.2014 00:21:38.139,1.47490,1.47290,2.0800,2.1700
22.01.2014 00:21:39.465,1.47492,1.47292,1.8700,2.2500
22.01.2014 00:21:41.041,1.47492,1.47292,2.8000,2.2600
22.01.2014 00:21:42.430,1.47492,1.47292,2.0000,1.0300
22.01.2014 00:21:43.816,1.47493,1.47293,1.4000,2.7300
22.01.2014 00:21:45.221,1.47493,1.47293,1.3200,1.6700
22.01.2014 00:21:46.524,1.47492,1.47292,1.0200,2.6100
22.01.2014 00:21:47.910,1.47490,1.47290,2.9800,2.1400
22.01.2014 00:21:49.311,1.47492,1.47292,2.0300,1.6000
22.01.2014 00:21:50.776,1.47491,1.47291,1.6200,2.6600
22.01.2014 00:21:52.188,1.47490,1.47290,1.2100,1.0100
22.01.2014 00:21:53.593,1.47489,1.47289,1.6300,1.7900
22.01.2014 00:21:55.211,1.47490,1.47290,1.4500,2.1800
22.01.2014 00:21:56.671,1.47488,1.47288,1.7700,2.8900
22.01.2014 00:21:57.928,1.47488,1.47288,1.1800,2.9100
22.01.2014 00:21:59.351,1.47488,1.47288,1.1000,2.0000
22.01.2014 00:22:00.719,1.47483,1.47283,2.3300,1.0600
22.01.2014 00:22:02.194,1.47485,1.47285,2.8800,2.7100
22.01.2014 00:22:03.526,1.47487,1.47287,2.0200,2.8100
22.01.2014 00:22:04.847,1.47486,1.47286,2.0600,1.3900
22.01.2014 00:22:06.345,1.47486,1.47286,1.3500,1.1400
22.01.2014 00:22:07.694,1.47489,1.47289,2.4000,2.9500
22.01.2014 00:22:09.038,1.47490,1.47290,1.7100,1.6900
22.01.2014 00:22:10.244,1.47492,1.47292,2.5100,2.3400
22.01.2014 00:22:11.671,1.47494,1.47294,2.9400,2.9800
22.01.2014 00:22:13.026,1.47492,1.47292,1.2400,2.2100
22.01.2014 00:22:14.537,1.47495,1.47295,1.5000,2.6900
22.01.2014 00:22:16.009,1.47495,1.47295,2.7000,2.0800
22.01.2014 00:22:17.348,1.47497,1.47297,1.2900,2.2700
22.01.2014 00:22:18.778,1.47495,1.47295,1.4700,1.0700
22.01.2014 00:22:20.272,1.47498,1.47298,2.4200,2.9500
22.01.2014 00:22:21.648,1.47497,1.47297,2.9100,1.6600
22.01.2014 00:22:23.145,1.47499,1.47299,2.5300,1.2200
22.01.2014 00:22:24.591,1.47501,1.47301,1.1200,1.0200
22.01.2014 00:22:25.983,1.47501,1.47301,2.4400,1.0300
22.01.2014 00:22:27.548,1.47501,1.47301,2.4400,1.7100
22.01.2014 00:22:28.922,1.47499,1.47299,1.4100,1.6200
22.01.2014 00:22:30.269,1.47498,1.47298,2.0700,1.5100
22.01.2014 00:22:31.648,1.47498,1.47298,1.9500,2.9600
22.01.2014 00:22:33.002,1.47494,1.47294,2.2300,1.7200
22.01.2014 00:22:34.338,1.47493,1.47293,1.0800,2.8000
22.01.2014 00:22:35.755,1.47494,1.47294,1.7400,2.1700
22.01.2014 00:22:37.110,1.47492,1.47292,2.9200,1.9900
22.01.2014 00:22:38.746,1.47495,1.47295,1.6700,1.8600
22.01.2014 00:22:40.057,1.47494,1.47294,2.7300,2.9500
22.01.2014 00:22:41.409,1.47493,1.47293,2.8800,1.4400
22.01.2014 00:22:42.797,1.47496,1.47296,2.0800,2.7100
22.01.2014 00:22:44.134,1.47495,1.47295,1.4000,1.4800
22.01.2014 00:22:45.545,1.47494,1.47294,1.4900,1.8300
22.01.2014 00:22:46.779,1.47493,1.47293,1.7800,2.8800
22.01.2014 00:22:48.303,1.47491,1.47291,2.4500,1.7300
22.01.2014 00:22:49.816,1.47490,1.47290,2.6800,2.6000
22.01.2014 00:22:51.042,1.47490,1.47290,1.4300,2.0800
22.01.2014 00:22:52.442,1.47491,1.47291,1.2200,2.3800
22.01.2014 00:22:54.015,1.47491,1.47291,2.3500,2.6800
22.01.2014 00:22:55.320,1.47492,1.47292,2.1900,2.2100
22.01.2014 00:22:56.719,1.47488,1.47288,1.3100,1.2600
22.01.2014 00:22:58.087,1.47489,1.47289,1.5900,2.8000
22.01.2014 00:22:59.435,1.47489,1.47289,2.2500,2.1400
22.01.2014 00:23:00.861,1.47490,1.47290,2.5200,1.8700
22.01.2014 00:23:02.178,1.47488,1.47288,2.6200,1.9000
22.01.2014 00:23:03.666,1.47488,1.47288,1.1800,1.2500
22.01.2014 00:23:04.993,1.47489,1.47289,2.9200,2.6300
22.01.2014 00:23:06.535,1.47486,1.47286,2.4600,1.4900
22.01.2014 00:23:08.043,1.47481,1.47281,2.8700,1.6300
22.01.2014 00:23:09.593,1.47479,1.47279,1.5700,1.1100
22.01.2014 00:23:11.047,1.47478,1.47278,1.0800,2.4900
22.01.2014 00:23:12.376,1.47477,1.47277,2.0400,1.8800
22.01.2014 00:23:13.884,1.47478,1.47278,1.2000,2.1900
22.01.2014 00:23:15.370,1.47477,1.47277,1.2700,1.1000
22.01.2014 00:23:16.718,1.47480,1.47280,2.8700,1.6600
22.01.2014 00:23:18.073,1.47483,1.47283,1.4500,1.7500
22.01.2014 00:23:19.518,1.47482,1.47282,1.2300,2.7700
22.01.2014 00:23:20.968,1.47481,1.47281,1.0900,1.4700
22.01.2014 00:23:22.431,1.47482,1.47282,1.1900,2.8400
22.01.2014 00:23:23.777,1.47482,1.47282,1.6500,2.1000
22.01.2014 00:23:25.022,1.47481,1.47281,2.1200,2.6400
22.01.2014 00:23:26.149,1.47480,1.47280,1.8800,1.8900
22.01.2014 00:23:27.670,1.47478,1.47278,1.5500,1.3000
22.01.2014 00:23:28.865,1.47477,1.47277,2.8800,2.1800
22.01.2014 00:23:30.271,1.47477,1.47277,1.9800,2.6700
22.01.2014 00:23:31.782,1.47478,1.47278,1.6300,1.5100
22.01.2014 00:23:33.252,1.47476,1.47276,2.0700,2.3600
22.01.2014 00:23:34.511,1.47475,1.47275,2.3800,1.8100
22.01.2014 00:23:35.969,1.47472,1.47272,1.6300,2.3400
22.01.2014 00:23:37.435,1.47473,1.47273,2.0400,2.6600
22.01.2014 00:23:39.048,1.47472,1.47272,2.5100,2.8900
22.01.2014 00:23:40.641,1.47470,1.47270,2.5800,2.9600
22.01.2014 00:23:42.044,1.47469,1.47269,2.3400,2.6400
22.01.2014 00:23:43.493,1.47468,1.47268,2.9300,1.1100
22.01.2014 00:23:44.841,1.47470,1.47270,2.0900,1.5100
22.01.2014 00:23:46.257,1.47468,1.47268,1.3300,2.6900
22.01.2014 00:23:47.589,1.47468,1.47268,2.0600,1.4100
22.01.2014 00:23:48.979,1.47468,1.47268,2.8900,2.4600
22.01.2014 00:23:50.436,1.47468,1.47268,2.7500,1.6800
22.01.2014 00:23:51.411,1.47468,1.47268,2.8500,1.6500
22.01.2014 00:23:52.788,1.47469,1.47269,1.0300,2.4200
22.01.2014 00:23:54.229,1.47469,1.47269,2.5200,2.8500
22.01.2014 00:23:55.453,1.47469,1.47269,1.6400,2.3700
22.01.2014 00:23:56.983,1.47470,1.47270,1.3000,2.0300
22.01.2014 00:23:58.434,1.47468,1.47268,1.8700,1.6100
22.01.2014 00:23:59.678,1.47466,1.47266,2.3400,1.6500
22.01.2014 00:24:00.981,1.47465,1.47265,2.4800,2.9100
22.01.2014 00:24:02.370,1.47464,1.47264,2.2900,2.9200
22.01.2014 00:24:03.981,1.47467,1.47267,1.1700,1.6400
22.01.2014 00:24:05.427,1.47466,1.47266,2.5300,1.0900
22.01.2014 00:24:06.833,1.47462,1.47262,2.9700,2.7300
22.01.2014 00:24:08.156,1.47460,1.47260,1.1400,2.8800
22.01.2014 00:24:09.341,1.47458,1.47258,2.7800,1.5100
22.01.2014 00:24:10.827,1.47460,1.47260,1.2900,2.1500
22.01.2014 00:24:12.184,1.47460,1.47260,2.6800,2.7300
22.01.2014 00:24:13.530,1.47460,1.47260,2.3700,1.3300
22.01.2014 00:24:15.021,1.47459,1.47259,1.1300,2.5500
22.01.2014 00:24:16.228,1.47462,1.47262,2.6600,1.0700
22.01.2014 00:24:17.659,1.47462,1.47262,1.0600,2.9200
22.01.2014 00:24:18.997,1.47465,1.47265,1.1300,1.9800
22.01.2014 00:24:20.491,1.47466,1.47266,2.6400,2.7500
22.01.2014 00:24:21.804,1.47467,1.47267,1.5800,2.7500
22.01.2014 00:24:23.153,1.47467,1.47267,2.1000,2.0300
22.01.2014 00:24:24.613,1.47468,1.47268,2.4000,2.4500
22.01.2014 00:24:26.157,1.47469,1.47269,2.2100,1.1600
22.01.2014 00:24:27.680,1.47471,1.47271,1.6300,2.4500
22.01.2014 00:24:29.100,1.47473,1.47273,2.9400,2.4500
22.01.2014 00:24:30.585,1.47475,1.47275,2.5100,2.3500
22.01.2014 00:24:32.009,1.47473,1.47273,1.1400,1.7300
22.01.2014 00:24:33.309,1.47475,1.47275,1.8600,2.2400
22.01.2014 00:24:34.795,1.47476,1.47276,1.1800,2.8800
22.01.2014 00:24:36.466,1.47474,1.47274,2.2900,1.7800
22.01.2014 00:24:37.764,1.47473,1.47273,1.1900,1.2900
22.01.2014 00:24:39.180,1.47478,1.47278,1.1400,1.7500
22.01.2014 00:24:40.530,1.47475,1.47275,2.1200,1.2000
22.01.2014 00:24:41.799,1.47475,1.47275,1.5800,2.5100
22.01.2014 00:24:43.228,1.47475,1.47275,1.5900,1.7200
22.01.2014 00:24:44.629,1.47475,1.47275,1.7200,2.7300
22.01.2014 00:24:46.117,1.47477,1.47277,1.0200,2.4100
22.01.2014 00:24:47.489,1.47478,1.47278,1.7600,2.8900
22.01.2014 00:24:48.972,1.47477,1.47277,2.0400,1.6000
22.01.2014 00:24:50.439,1.47476,1.47276,2.0400,1.7900
22.01.2014 00:24:51.807,1.47477,1.47277,2.2900,1.6000
22.01.2014 00:24:53.024,1.47475,1.47275,2.9100,2.1100
22.01.2014 00:24:54.435,1.47475,1.47275,1.7000,1.2500
22.01.2014 00:24:55.884,1.47476,1.47276,1.6100,1.6500
22.01.2014 00:24:57.431,1.47478,1.47278,1.5000,2.6900
22.01.2014 00:24:58.970,1.47476,1.47276,1.6800,2.0200
22.01.2014 00:25:00.381,1.47473,1.47273,1.3700,2.4900
22.01.2014 00:25:01.918,1.47473,1.47273,2.7800,1.4700
22.01.2014 00:25:03.317,1.47472,1.47272,2.5900,2.3300
22.01.2014 00:25:04.639,1.47472,1.47272,2.2900,1.7100
22.01.2014 00:25:06.122,1.47470,1.47270,2.5400,2.1900
22.01.2014 00:25:07.431,1.47471,1.47271,1.3400,2.0100
22.01.2014 00:25:08.819,1.47469,1.47269,2.1800,2.5600
22.01.2014 00:25:10.268,1.47468,1.47268,2.7500,2.6600
22.01.2014 00:25:11.709,1.47466,1.47266,1.3600,2.6100
22.01.2014 00:25:12.995,1.47464,1.47264,2.4300,2.9800
22.01.2014 00:25:14.326,1.47461,1.47261,2.4300,2.0500
22.01.2014 00:25:15.691,1.47463,1.47263,2.2300,1.6700
22.01.2014 00:25:17.032,1.47464,1.47264,1.2700,1.4500
22.01.2014 00:25:18.185,1.47463,1.47263,2.8000,2.5800
22.01.2014 00:25:19.669,1.47463,1.47263,2.2600,1.1500
22.01.2014 00:25:21.128,1.47464,1.47264,1.2600,1.4300
22.01.2014 00:25:22.520,1.47465,1.47265,1.8600,2.2300
22.01.2014 00:25:24.086,1.47466,1.47266,2.8300,2.9400
22.01.2014 00:25:25.415,1.47465,1.47265,2.2200,1.1100
22.01.2014 00:25:26.887,1.47464,1.47264,1.1300,2.2100
22.01.2014 00:25:28.330,1.47463,1.47263,1.9300,1.7400
22.01.2014 00:25:29.761,1.47463,1.47263,2.1800,2.5300
22.01.2014 00:25:31.258,1.47464,1.47264,1.7500,2.2000
22.01.2014 00:25:32.752,1.47462,1.47262,2.5200,2.4200
22.01.2014 00:25:34.184,1.47462,1.47262,1.9300,1.6300
22.01.2014 00:25:35.597,1.47462,1.47262,1.4900,1.2200
22.01.2014 00:25:36.989,1.47464,1.47264,2.9400,2.5300
22.01.2014 00:25:38.424,1.47467,1.47267,2.5300,1.5900
22.01.2014 00:25:39.906,1.47464,1.47264,2.5500,1.6100
22.01.2014 00:25:41.469,1.47464,1.47264,2.2100,1.2100
22.01.2014 00:25:42.813,1.47460,1.47260,2.4500,1.5600
22.01.2014 00:25:44.155,1.47462,1.47262,2.9100,1.8000
22.01.2014 00:25:45.753,1.47459,1.47259,1.6400,1.8200
22.01.2014 00:25:46.974,1.47461,1.47261,1.1700,2.4800
22.01.2014 00:25:48.246,1.47463,1.47263,1.4400,2.6200
22.01.2014 00:25:49.699,1.47463,1.47263,2.7400,2.1200
22.01.2014 00:25:51.167,1.47463,1.47263,1.1700,2.5500
22.01.2014 00:25:52.691,1.47464,1.47264,2.4500,1.3600
22.01.2014 00:25:54.039,1.47466,1.47266,1.8100,1.3800
22.01.2014 00:25:55.462,1.47464,1.47264,1.0000,1.7700
22.01.2014 00:25:56.818,1.47464,1.47264,2.0800,2.7300
22.01.2014 00:25:58.258,1.47464,1.47264,2.8600,1.3700
22.01.2014 00:25:59.740,1.47466,1.47266,2.2600,2.0600
22.01.2014 00:26:01.036,1.47464,1.47264,2.6600,2.1000
22.01.2014 00:26:02.247,1.47462,1.47262,1.1100,2.5600
22.01.2014 00:26:03.555,1.47461,1.47261,2.4500,1.9500
22.01.2014 00:26:04.938,1.47460,1.47260,1.8400,2.5500
22.01.2014 00:26:06.435,1.47459,1.47259,2.8700,2.0500
22.01.2014 00:26:07.928,1.47458,1.47258,1.8900,1.0600
22.01.2014 00:26:09.300,1.47458,1.47258,1.0500,2.8400
22.01.2014 00:26:10.538,1.47458,1.47258,2.9100,2.3400
22.01.2014 00:26:11.975,1.47459,1.47259,1.3300,1.1100
22.01.2014 00:26:13.449,1.47460,1.47260,1.5600,1.6600
22.01.2014 00:26:14.819,1.47459,1.47259,1.4300,1.6000
22.01.2014 00:26:16.263,1.47460,1.47260,2.5000,1.9700
22.01.2014 00:26:17.840,1.47463,1.47263,1.7300,1.7600
22.01.2014 00:26:19.144,1.47463,1.47263,1.1300,1.2800
22.01.2014 00:26:20.446,1.47464,1.47264,1.2900,1.0300
22.01.2014 00:26:21.852,1.47463,1.47263,2.5300,2.4100
22.01.2014 00:26:23.160,1.47463,1.47263,2.9900,2.6000
22.01.2014 00:26:24.617,1.47462,1.47262,2.3500,1.9200
22.01.2014 00:26:25.912,1.47460,1.47260,2.1800,2.2700
22.01.2014 00:26:27.337,1.47461,1.47261,1.3500,2.3000
22.01.2014 00:26:28.833,1.47465,1.47265,1.9300,2.5000
22.01.2014 00:26:30.301,1.47467,1.47267,2.6600,1.0200
22.01.2014 00:26:31.585,1.47467,1.47267,2.2000,2.3000
22.01.2014 00:26:32.766,1.47467,1.47267,2.4300,1.3800
22.01.2014 00:26:33.988,1.47469,1.47269,1.2400,1.6800
22.01.2014 00:26:35.578,1.47470,1.47270,2.8300,1.7900
22.01.2014 00:26:36.772,1.47467,1.47267,2.7000,2.8000
22.01.2014 00:26:38.104,1.47465,1.47265,1.6900,1.9200
22.01.2014 00:26:39.287,1.47465,1.47265,2.2900,1.7100
22.01.2014 00:26:40.535,1.47465,1.47265,1.9400,2.2900
22.01.2014 00:26:42.034,1.47466,1.47266,2.7800,1.7200
22.01.2014 00:26:43.516,1.47468,1.47268,2.8300,2.2200
22.01.2014 00:26:45.047,1.47468,1.47268,1.6500,2.4500
22.01.2014 00:26:46.370,1.47467,1.47267,1.6800,1.3600
22.01.2014 00:26:47.831,1.47467,1.47267,1.0600,2.1500
22.01.2014 00:26:49.288,1.47464,1.47264,1.9000,2.7100
22.01.2014 00:26:50.676,1.47465,1.47265,2.1800,2.0700
22.01.2014 00:26:52.087,1.47464,1.47264,2.8800,2.0200
22.01.2014 00:26:53.395,1.47465,1.47265,1.0200,2.7400
22.01.2014 00:26:54.817,1.47464,1.47264,1.2700,2.2800
22.01.2014 00:26:56.365,1.47463,1.47263,1.7300,2.4800
22.01.2014 00:26:57.768,1.47461,1.47261,2.4500,1.0700
22.01.2014 00:26:59.126,1.47461,1.47261,2.1000,2.8300
22.01.2014 00:27:00.615,1.47462,1.47262,2.0200,1.2800
22.01.2014 00:27:02.037,1.47459,1.47259,2.6700,2.2700
22.01.2014 00:27:03.389,1.47457,1.47257,1.0900,1.2600
22.01.2014 00:27:04.826,1.47456,1.47256,1.7500,2.7100
22.01.2014 00:27:06.157,1.47456,1.47256,2.7900,2.2200
22.01.2014 00:27:07.451,1.47456,1.47256,2.1800,1.1800
22.01.2014 00:27:08.757,1.47455,1.47255,1.8500,1.2700
22.01.2014 00:27:10.276,1.47456,1.47256,1.4400,1.9900
22.01.2014 00:27:11.709,1.47454,1.47254,2.8300,1.9100
22.01.2014 00:27:13.171,1.47454,1.47254,1.3900,1.7200
22.01.2014 00:27:14.527,1.47454,1.47254,2.4200,2.6600
22.01.2014 00:27:15.821,1.47455,1.47255,1.4300,2.6600
22.01.2014 00:27:17.262,1.47457,1.47257,2.2400,2.3400
22.01.2014 00:27:18.485,1.47459,1.47259,2.9900,1.3300
22.01.2014 00:27:19.737,1.47463,1.47263,2.2400,1.7300
22.01.2014 00:27:21.006,1.47462,1.47262,2.1900,1.3300
22.01.2014 00:27:22.382,1.47463,1.47263,1.8400,2.2600
22.01.2014 00:27:23.820,1.47461,1.47261,2.7200,2.6400
22.01.2014 00:27:25.013,1.47463,1.47263,2.1100,2.2700
22.01.2014 00:27:26.448,1.47464,1.47264,2.0700,2.6200
22.01.2014 00:27:27.835,1.47464,1.47264,2.2400,2.4600
22.01.2014 00:27:29.285,1.47463,1.47263,1.9800,1.7700
22.01.2014 00:27:30.620,1.47464,1.47264,2.1000,2.2000
22.01.2014 00:27:31.998,1.47465,1.47265,1.1000,1.9100
22.01.2014 00:27:33.290,1.47463,1.47263,2.1000,2.0000
22.01.2014 00:27:34.663,1.47461,1.47261,2.6400,2.6200
22.01.2014 00:27:36.097,1.47459,1.47259,2.8600,1.5900
22.01.2014 00:27:37.579,1.47460,1.47260,2.7300,1.8900
22.01.2014 00:27:38.991,1.47457,1.47257,1.2000,2.1700
22.01.2014 00:27:40.387,1.47458,1.47258,2.4100,2.8000
22.01.2014 00:27:41.890,1.47459,1.47259,1.6500,2.0300
22.01.2014 00:27:43.213,1.47461,1.47261,2.9000,1.1900
22.01.2014 00:27:44.511,1.47461,1.47261,2.4900,2.7200
22.01.2014 00:27:45.815,1.47462,1.47262,2.1300,2.4300
22.01.2014 00:27:47.195,1.47460,1.47260,2.7600,1.5100
22.01.2014 00:27:48.588,1.47459,1.47259,1.5400,2.0600
22.01.2014 00:27:49.974,1.47461,1.47261,1.5800,2.2400
22.01.2014 00:27:51.392,1.47462,1.47262,2.1700,2.8700
22.01.2014 00:27:52.874,1.47462,1.47262,2.6600,2.5300
22.01.2014 00:27:54.448,1.47462,1.47262,1.9900,1.6800
22.01.2014 00:27:55.998,1.47461,1.47261,2.4300,1.8000
22.01.2014 00:27:57.208,1.47462,1.47262,1.7500,1.5700
22.01.2014 00:27:58.574,1.47461,1.47261,2.0000,1.0200
22.01.2014 00:27:59.871,1.47462,1.47262,2.1900,1.4600
22.01.2014 00:28:01.385,1.47462,1.47262,1.3600,1.5500
22.01.2014 00:28:02.885,1.47463,1.47263,1.6200,1.4600
22.01.2014 00:28:04.456,1.47464,1.47264,1.0900,1.9500
22.01.2014 00:28:05.909,1.47465,1.47265,2.5400,2.4300
22.01.2014 00:28:07.141,1.47465,1.47265,2.3100,1.9200
22.01.2014 00:28:08.672,1.47463,1.47263,2.8100,1.7400
22.01.2014 00:28:10.111,1.47463,1.47263,1.1900,2.5700
22.01.2014 00:28:11.544,1.47465,1.47265,1.9000,1.6500
22.01.2014 00:28:13.018,1.47465,1.47265,1.2000,1.0600
22.01.2014 00:28:14.299,1.47464,1.47264,2.3000,2.6300
22.01.2014 00:28:15.875,1.47463,1.47263,1.8700,2.5200
22.01.2014 00:28:17.330,1.47463,1.47263,1.8400,2.5400
22.01.2014 00:28:18.794,1.47462,1.47262,2.1300,1.0100
22.01.2014 00:28:20.420,1.47461,1.47261,1.6500,2.0100
22.01.2014 00:28:21.835,1.47458,1.47258,1.5200,1.5500
22.01.2014 00:28:23.164,1.47461,1.47261,2.3400,1.4700
22.01.2014 00:28:24.516,1.47459,1.47259,1.7700,2.9800
22.01.2014 00:28:25.978,1.47457,1.47257,1.7200,2.7900
22.01.2014 00:28:27.421,1.47459,1.47259,2.4100,1.8200
22.01.2014 00:28:28.578,1.47458,1.47258,2.8700,1.2300
22.01.2014 00:28:29.714,1.47461,1.47261,2.2100,2.0000
22.01.2014 00:28:30.968,1.47459,1.47259,1.7500,2.8000
22.01.2014 00:28:32.600,1.47460,1.47260,2.6900,2.1500
22.01.2014 00:28:33.860,1.47458,1.47258,1.8600,2.5000
22.01.2014 00:28:35.206,1.47459,1.47259,2.6300,1.5700
22.01.2014 00:28:36.663,1.47459,1.47259,1.6400,2.9200
22.01.2014 00:28:38.052,1.47459,1.47259,2.2100,2.8500
22.01.2014 00:28:39.605,1.47462,1.47262,1.1300,2.9600
22.01.2014 00:28:40.839,1.47464,1.47264,1.6100,2.2400
22.01.2014 00:28:42.206,1.47464,1.47264,1.2500,1.6400
22.01.2014 00:28:43.460,1.47466,1.47266,2.1600,1.9600
22.01.2014 00:28:44.803,1.47466,1.47266,2.6800,1.1700
22.01.2014 00:28:46.165,1.47463,1.47263,2.3700,2.2400
22.01.2014 00:28:47.564,1.47460,1.47260,2.9700,2.7500
22.01.2014 00:28:48.801,1.47459,1.47259,1.6400,2.1700
22.01.2014 00:28:50.210,1.47457,1.47257,1.0900,1.8400
22.01.2014 00:28:51.808,1.47457,1.47257,2.5800,2.9800
22.01.2014 00:28:53.077,1.47455,1.47255,2.5300,2.2400
22.01.2014 00:28:54.464,1.47458,1.47258,2.0400,2.2600
22.01.2014 00:28:55.752,1.47461,1.47261,2.3000,1.6000
22.01.2014 00:28:57.186,1.47461,1.47261,1.4500,1.6100
22.01.2014 00:28:58.537,1.47463,1.47263,2.2700,2.7500
22.01.2014 00:28:59.899,1.47464,1.47264,1.8900,1.7700
22.01.2014 00:29:01.279,1.47466,1.47266,2.3600,1.6200
22.01.2014 00:29:02.694,1.47466,1.47266,2.8500,1.8600
22.01.2014 00:29:04.217,1.47464,1.47264,2.3200,2.8600
22.01.2014 00:29:05.604,1.47464,1.47264,2.6300,2.2200
22.01.2014 00:29:07.182,1.47463,1.47263,1.1300,1.2600
22.01.2014 00:29:08.588,1.47466,1.47266,2.2900,2.0700
22.01.2014 00:29:10.049,1.47466,1.47266,2.1600,2.4600
22.01.2014 00:29:11.370,1.47466,1.47266,1.6000,2.7700
22.01.2014 00:29:12.838,1.47466,1.47266,1.6200,2.6600
22.01.2014 00:29:14.232,1.47469,1.47269,2.5700,3.0000
22.01.2014 00:29:15.655,1.47469,1.47269,1.6300,2.4600
22.01.2014 00:29:17.286,1.47469,1.47269,2.4700,2.6600
22.01.2014 00:29:18.749,1.47470,1.47270,2.8200,1.6100
22.01.2014 00:29:20.157,1.47470,1.47270,2.3600,2.3700
22.01.2014 00:29:21.778,1.47469,1.47269,2.8900,2.0200
22.01.2014 00:29:23.155,1.47469,1.47269,1.5800,2.4600
22.01.2014 00:29:24.579,1.47469,1.47269,2.7500,1.0200
22.01.2014 00:29:26.165,1.47468,1.47268,1.2000,2.0400
22.01.2014 00:29:27.599,1.47466,1.47266,2.2300,2.4200
22.01.2014 00:29:29.153,1.47464,1.47264,2.6300,2.5500
22.01.2014 00:29:30.659,1.47466,1.47266,2.3100,2.3400
22.01.2014 00:29:31.892,1.47466,1.47266,2.7100,2.3500
22.01.2014 00:29:33.297,1.47466,1.47266,2.2700,2.9900
22.01.2014 00:29:34.776,1.47464,1.47264,2.1200,1.2400
22.01.2014 00:29:36.150,1.47464,1.47264,2.0400,1.7700
22.01.2014 00:29:37.460,1.47464,1.47264,2.0000,2.8900
22.01.2014 00:29:38.947,1.47466,1.47266,1.7800,1.3500
22.01.2014 00:29:40.392,1.47467,1.47267,2.5900,1.8900
22.01.2014 00:29:41.772,1.47468,1.47268,1.0700,2.9400
22.01.2014 00:29:43.183,1.47469,1.47269,2.6500,1.8700
22.01.2014 00:29:44.588,1.47468,1.47268,2.2400,2.1600
22.01.2014 00:29:45.877,1.47469,1.47269,1.1800,2.6500
22.01.2014 00:29:47.305,1.47467,1.47267,1.5900,1.0300
22.01.2014 00:29:48.585,1.47467,1.47267,2.2300,1.3900
22.01.2014 00:29:49.998,1.47467,1.47267,2.0000,2.5800
22.01.2014 00:29:51.569,1.47467,1.47267,2.3500,1.4300
22.01.2014 00:29:53.026,1.47468,1.47268,1.2200,1.3500
22.01.2014 00:29:54.444,1.47466,1.47266,2.6600,1.9900
22.01.2014 00:29:56.046,1.47465,1.47265,1.2800,2.0300
22.01.2014 00:29:57.504,1.47467,1.47267,1.0400,2.6000
22.01.2014 00:29:58.783,1.47466,1.47266,1.1300,1.0500
22.01.2014 00:30:00.153,1.47468,1.47268,1.6500,2.7100
22.01.2014 00:30:01.464,1.47467,1.47267,2.1000,2.0800
22.01.2014 00:30:02.858,1.47468,1.47268,1.8000,1.2100
22.01.2014 00:30:04.326,1.47467,1.47267,1.6900,1.2300
22.01.2014 00:30:05.654,1.47467,1.47267,1.1500,2.6600
22.01.2014 00:30:07.151,1.47468,1.47268,2.7500,2.9600
22.01.2014 00:30:08.590,1.47467,1.47267,1.8500,1.4800
22.01.2014 00:30:09.917,1.47468,1.47268,3.0000,1.9700
22.01.2014 00:30:11.428,1.47467,1.47267,2.3600,1.6300
22.01.2014 00:30:12.844,1.47465,1.47265,2.5500,1.2700
22.01.2014 00:30:14.310,1.47465,1.47265,1.1900,2.8400
22.01.2014 00:30:15.667,1.47467,1.47267,1.3300,1.6800
22.01.2014 00:30:17.215,1.47469,1.47269,1.6900,2.6500
22.01.2014 00:30:18.596,1.47465,1.47265,2.4100,2.5600
22.01.2014 00:30:19.996,1.47464,1.47264,1.1900,2.2100
22.01.2014 00:30:21.401,1.47462,1.47262,1.1000,1.4800
22.01.2014 00:30:22.722,1.47462,1.47262,1.7700,2.5800
22.01.2014 00:30:24.127,1.47462,1.47262,2.5100,1.3200
22.01.2014 00:30:25.549,1.47462,1.47262,1.8600,1.7300
22.01.2014 00:30:26.950,1.47462,1.47262,1.5500,1.6800
22.01.2014 00:30:28.314,1.47460,1.47260,2.3100,2.3400
22.01.2014 00:30:29.791,1.47461,1.47261,1.6200,2.9700
22.01.2014 00:30:31.112,1.47460,1.47260,2.0600,1.6400
22.01.2014 00:30:32.648,1.47459,1.47259,2.6800,2.1000
22.01.2014 00:30:34.082,1.47456,1.47256,1.7900,2.9500
22.01.2014 00:30:35.249,1.47455,1.47255,1.1900,1.5200
22.01.2014 00:30:36.699,1.47455,1.47255,1.4200,2.0100
22.01.2014 00:30:38.125,1.47455,1.47255,1.3400,1.8700
22.01.2014 00:30:39.477,1.47458,1.47258,1.2500,1.6100
22.01.2014 00:30:41.054,1.47455,1.47255,2.5000,2.3200
22.01.2014 00:30:42.690,1.47456,1.47256,1.4200,1.5100
22.01.2014 00:30:44.066,1.47456,1.47256,2.8900,1.6300
22.01.2014 00:30:45.432,1.47457,1.47257,2.5400,2.0000
22.01.2014 00:30:46.906,1.47458,1.47258,1.0700,2.2000
22.01.2014 00:30:48.465,1.47459,1.47259,2.4400,2.4700
22.01.2014 00:30:49.755,1.47458,1.47258,1.7400,2.8600
22.01.2014 00:30:51.388,1.47458,1.47258,1.1800,2.8600
22.01.2014 00:30:52.750,1.47459,1.47259,2.6800,1.4800
22.01.2014 00:30:54.217,1.47459,1.47259,1.5400,1.3700
22.01.2014 00:30:55.585,1.47458,1.47258,2.0400,2.8500
22.01.2014 00:30:57.021,1.47456,1.47256,1.4600,2.2900
22.01.2014 00:30:58.573,1.47457,1.47257,1.3600,1.5100
22.01.2014 00:30:59.986,1.47458,1.47258,1.1600,2.7200
22.01.2014 00:31:01.381,1.47459,1.47259,1.5500,2.9900
22.01.2014 00:31:02.656,1.47460,1.47260,2.7700,1.9400
22.01.2014 00:31:04.013,1.47461,1.47261,1.7600,1.0000
22.01.2014 00:31:05.393,1.47462,1.47262,2.6400,2.2500
22.01.2014 00:31:06.841,1.47461,1.47261,1.0000,1.2900
22.01.2014 00:31:08.181,1.47462,1.47262,2.3700,2.5300
22.01.2014 00:31:09.641,1.47458,1.47258,2.7000,2.4900
22.01.2014 00:31:11.067,1.47456,1.47256,2.2400,1.6200
22.01.2014 00:31:12.369,1.47456,1.47256,1.3700,2.9300
22.01.2014 00:31:13.880,1.47456,1.47256,2.5300,1.1200
22.01.2014 00:31:15.089,1.47454,1.47254,2.7500,1.2300
22.01.2014 00:31:16.449,1.47454,1.47254,2.7600,1.1500
22.01.2014 00:31:17.867,1.47455,1.47255,2.1100,2.8700
22.01.2014 00:31:19.126,1.47455,1.47255,2.0600,2.7000
22.01.2014 00:31:20.554,1.47453,1.47253,1.8400,2.5400
22.01.2014 00:31:21.980,1.47453,1.47253,1.7300,2.5200
22.01.2014 00:31:23.578,1.47455,1.47255,1.3400,2.2900
22.01.2014 00:31:25.057,1.47455,1.47255,1.9000,1.5800
22.01.2014 00:31:26.335,1.47455,1.47255,2.6200,1.1200
22.01.2014 00:31:27.616,1.47454,1.47254,2.3500,1.2300
22.01.2014 00:31:28.995,1.47453,1.47253,2.3400,2.2900
22.01.2014 00:31:30.414,1.47455,1.47255,1.7300,1.0600
22.01.2014 00:31:31.724,1.47457,1.47257,2.7200,1.3000
22.01.2014 00:31:33.267,1.47460,1.47260,1.2900,1.0600
22.01.2014 00:31:34.610,1.47458,1.47258,1.1100,2.3800
22.01.2014 00:31:35.877,1.47457,1.47257,1.7100,1.0500
22.01.2014 00:31:37.348,1.47459,1.47259,1.6400,2.2400
22.01.2014 00:31:38.738,1.47460,1.47260,1.3300,1.3200
22.01.2014 00:31:40.041,1.47457,1.47257,1.9900,2.8200
22.01.2014 00:31:41.384,1.47459,1.47259,2.8800,1.0600
22.01.2014 00:31:42.778,1.47462,1.47262,2.4800,2.0000
22.01.2014 00:31:44.213,1.47463,1.47263,1.3100,2.9000
22.01.2014 00:31:45.443,1.47463,1.47263,1.1500,1.4300
22.01.2014 00:31:46.883,1.47464,1.47264,2.3000,2.6800
22.01.2014 00:31:48.408,1.47463,1.47263,2.9900,1.9800
22.01.2014 00:31:49.885,1.47464,1.47264,2.8300,2.5500
22.01.2014 00:31:51.426,1.47463,1.47263,2.2200,2.1500
22.01.2014 00:31:52.892,1.47460,1.47260,1.6300,2.3700
22.01.2014 00:31:54.295,1.47459,1.47259,1.1900,2.8800
22.01.2014 00:31:55.723,1.47460,1.47260,1.9100,2.6100
22.01.2014 00:31:56.881,1.47460,1.47260,1.6300,2.5700
22.01.2014 00:31:58.223,1.47459,1.47259,2.9100,1.6000
22.01.2014 00:31:59.812,1.47459,1.47259,1.1400,2.7400
22.01.2014 00:32:01.150,1.47461,1.47261,2.6000,2.8300
22.01.2014 00:32:02.535,1.47463,1.47263,1.8200,2.7500
22.01.2014 00:32:03.811,1.47463,1.47263,1.2500,2.1100
22.01.2014 00:32:05.237,1.47464,1.47264,1.3200,2.7000
22.01.2014 00:32:06.658,1.47465,1.47265,1.4800,1.5700
22.01.2014 00:32:08.036,1.47464,1.47264,1.0100,1.8600
22.01.2014 00:32:09.328,1.47465,1.47265,1.2000,2.0800
22.01.2014 00:32:10.582,1.47465,1.47265,1.2000,2.3000
22.01.2014 00:32:12.043,1.47467,1.47267,1.3700,2.9700
22.01.2014 00:32:13.394,1.47467,1.47267,2.6300,2.8100
22.01.2014 00:32:14.728,1.47466,1.47266,1.3000,1.0500
22.01.2014 00:32:16.096,1.47467,1.47267,2.3700,2.8200
22.01.2014 00:32:17.354,1.47468,1.47268,1.8900,1.9900
22.01.2014 00:32:18.792,1.47471,1.47271,2.2000,2.3500
22.01.2014 00:32:20.171,1.47471,1.47271,2.5300,1.6700
22.01.2014 00:32:21.467,1.47474,1.47274,1.2100,1.2500
22.01.2014 00:32:22.791,1.47472,1.47272,1.6700,2.6000
22.01.2014 00:32:24.159,1.47471,1.47271,2.3500,1.8500
22.01.2014 00:32:25.494,1.47470,1.47270,1.2000,2.1500
22.01.2014 00:32:26.923,1.47472,1.47272,1.6400,1.8200
22.01.2014 00:32:28.274,1.47474,1.47274,1.9400,2.1500
22.01.2014 00:32:29.622,1.47474,1.47274,2.2000,1.3900
22.01.2014 00:32:31.072,1.47474,1.47274,2.6300,1.4900
22.01.2014 00:32:32.502,1.47475,1.47275,2.1700,1.7400
22.01.2014 00:32:33.957,1.47476,1.47276,1.8200,1.6400
22.01.2014 00:32:35.400,1.47477,1.47277,1.1900,1.9800
22.01.2014 00:32:37.049,1.47475,1.47275,2.8400,2.9100
22.01.2014 00:32:38.530,1.47475,1.47275,2.2800,2.7600
22.01.2014 00:32:39.982,1.47476,1.47276,1.1300,1.5700
22.01.2014 00:32:41.444,1.47476,1.47276,1.0900,2.0000
22.01.2014 00:32:42.798,1.47477,1.47277,2.2900,1.4900
22.01.2014 00:32:44.306,1.47474,1.47274,2.7500,2.8500
22.01.2014 00:32:45.557,1.47472,1.47272,1.9000,1.4300
22.01.2014 00:32:47.043,1.47472,1.47272,1.1500,1.9300
22.01.2014 00:32:48.267,1.47473,1.47273,2.6200,2.5100
22.01.2014 00:32:49.679,1.47476,1.47276,1.2100,1.2900
22.01.2014 00:32:51.063,1.47474,1.47274,1.7800,1.9300
22.01.2014 00:32:52.373,1.47472,1.47272,2.6400,2.3100
22.01.2014 00:32:53.627,1.47474,1.47274,1.3100,2.7900
22.01.2014 00:32:54.926,1.47477,1.47277,1.6800,2.6300
22.01.2014 00:32:56.364,1.47477,1.47277,2.6800,2.2700
22.01.2014 00:32:57.667,1.47474,1.47274,1.8200,2.4900
22.01.2014 00:32:59.089,1.47472,1.47272,1.3300,1.4900
22.01.2014 00:33:00.441,1.47473,1.47273,1.9000,2.4700
22.01.2014 00:33:01.737,1.47474,1.47274,1.6000,1.4100
22.01.2014 00:33:03.124,1.47474,1.47274,2.9800,1.3000
22.01.2014 00:33:04.612,1.47474,1.47274,2.4200,2.6000
22.01.2014 00:33:05.977,1.47474,1.47274,2.8200,2.4000
22.01.2014 00:33:07.557,1.47473,1.47273,2.9800,1.7700
22.01.2014 00:33:08.931,1.47474,1.47274,2.1000,1.1000
22.01.2014 00:33:10.393,1.47476,1.47276,1.1100,2.1300
22.01.2014 00:33:11.690,1.47474,1.47274,1.3700,1.9600
22.01.2014 00:33:13.031,1.47471,1.47271,1.4900,2.5700
22.01.2014 00:33:14.451,1.47471,1.47271,2.7600,1.8100
22.01.2014 00:33:16.003,1.47472,1.47272,1.1700,1.6500
22.01.2014 00:33:17.341,1.47472,1.47272,2.2900,2.5100
22.01.2014 00:33:18.785,1.47472,1.47272,1.4500,1.8800
22.01.2014 00:33:20.037,1.47472,1.47272,1.9300,2.4300
22.01.2014 00:33:21.475,1.47472,1.47272,1.1000,2.6400
22.01.2014 00:33:22.830,1.47471,1.47271,2.0700,1.5400
22.01.2014 00:33:24.141,1.47470,1.47270,2.4400,1.3100
22.01.2014 00:33:25.459,1.47470,1.47270,2.5100,2.7000
22.01.2014 00:33:26.777,1.47468,1.47268,2.8600,1.7000
22.01.2014 00:33:28.032,1.47470,1.47270,1.6400,2.5400
22.01.2014 00:33:29.517,1.47473,1.47273,1.1700,1.3600
22.01.2014 00:33:30.843,1.47473,1.47273,1.7400,2.7300
22.01.2014 00:33:32.084,1.47473,1.47273,1.3500,2.6200
22.01.2014 00:33:33.318,1.47472,1.47272,1.6700,1.5400
22.01.2014 00:33:34.751,1.47471,1.47271,2.6400,1.0600
22.01.2014 00:33:36.083,1.47469,1.47269,2.5600,2.1700
22.01.2014 00:33:37.512,1.47467,1.47267,2.0800,2.0300
22.01.2014 00:33:38.910,1.47468,1.47268,2.9500,1.6500
22.01.2014 00:33:40.319,1.47471,1.47271,2.6400,1.6600
22.01.2014 00:33:41.722,1.47468,1.47268,1.4300,1.0600
22.01.2014 00:33:43.229,1.47469,1.47269,2.7700,1.3800
22.01.2014 00:33:44.697,1.47469,1.47269,1.6000,2.5000
22.01.2014 00:33:46.167,1.47472,1.47272,1.1700,2.8600
22.01.2014 00:33:47.625,1.47471,1.47271,1.8600,2.1000
22.01.2014 00:33:48.991,1.47473,1.47273,1.4400,1.1200
22.01.2014 00:33:50.467,1.47471,1.47271,1.2000,2.0700
22.01.2014 00:33:51.952,1.47471,1.47271,2.4900,1.2700
22.01.2014 00:33:53.540,1.47470,1.47270,2.2000,2.3100
22.01.2014 00:33:54.939,1.47468,1.47268,2.8600,2.7600
22.01.2014 00:33:56.259,1.47468,1.47268,2.8000,1.5700
22.01.2014 00:33:57.614,1.47470,1.47270,2.3500,1.5600
22.01.2014 00:33:58.857,1.47470,1.47270,2.2800,2.6500
22.01.2014 00:34:00.404,1.47471,1.47271,2.1600,1.7500
22.01.2014 00:34:01.555,1.47469,1.47269,1.7400,2.0700
22.01.2014 00:34:02.810,1.47470,1.47270,1.9700,1.3000
22.01.2014 00:34:04.279,1.47468,1.47268,2.6500,1.3000
22.01.2014 00:34:05.784,1.47468,1.47268,2.4200,2.1400
22.01.2014 00:34:07.307,1.47469,1.47269,1.6500,2.9400
22.01.2014 00:34:08.632,1.47466,1.47266,2.6700,2.7200
22.01.2014 00:34:09.994,1.47464,1.47264,1.9800,2.1400
22.01.2014 00:34:11.443,1.47465,1.47265,2.6700,2.2800
22.01.2014 00:34:12.919,1.47465,1.47265,2.1000,1.2800
22.01.2014 00:34:14.306,1.47466,1.47266,2.9800,1.7500
22.01.2014 00:34:15.572,1.47466,1.47266,1.5000,2.2600
22.01.2014 00:34:16.926,1.47467,1.47267,2.1400,1.1300
22.01.2014 00:34:18.296,1.47465,1.47265,1.9900,2.5200
22.01.2014 00:34:19.548,1.47467,1.47267,1.7800,2.5200
22.01.2014 00:34:21.004,1.47469,1.47269,1.3000,1.3400
22.01.2014 00:34:22.271,1.47467,1.47267,2.2700,1.4800
22.01.2014 00:34:23.658,1.47466,1.47266,1.5800,1.4800
22.01.2014 00:34:25.034,1.47464,1.47264,2.6500,1.9600
22.01.2014 00:34:26.520,1.47465,1.47265,1.5300,2.5800
22.01.2014 00:34:27.936,1.47467,1.47267,1.7300,2.8600
22.01.2014 00:34:29.229,1.47466,1.47266,2.8100,2.0400
22.01.2014 00:34:30.462,1.47467,1.47267,1.0200,2.6100
22.01.2014 00:34:31.754,1.47468,1.47268,1.6800,2.7900
22.01.2014 00:34:33.043,1.47466,1.47266,1.6200,1.5000
22.01.2014 00:34:34.503,1.47470,1.47270,2.8500,1.3900
22.01.2014 00:34:35.858,1.47467,1.47267,1.1500,2.5500
22.01.2014 00:34:37.246,1.47466,1.47266,1.4200,2.6700
22.01.2014 00:34:38.679,1.47467,1.47267,2.3300,1.1100
22.01.2014 00:34:39.931,1.47467,1.47267,1.0000,1.0400
22.01.2014 00:34:41.450,1.47467,1.47267,2.2500,1.1000
22.01.2014 00:34:42.796,1.47465,1.47265,2.6400,2.1600
22.01.2014 00:34:44.188,1.47464,1.47264,1.0500,2.1600
22.01.2014 00:34:45.524,1.47466,1.47266,2.9400,2.2400
22.01.2014 00:34:46.939,1.47469,1.47269,2.2900,1.7800
22.01.2014 00:34:48.484,1.47470,1.47270,2.5300,2.0000
22.01.2014 00:34:49.853,1.47471,1.47271,1.2000,1.8300
22.01.2014 00:34:51.279,1.47472,1.47272,2.7300,1.3500
22.01.2014 00:34:52.647,1.47475,1.47275,1.5100,1.3800
22.01.2014 00:34:53.874,1.47474,1.47274,2.0000,2.8400
22.01.2014 00:34:55.043,1.47475,1.47275,2.8500,1.7700
22.01.2014 00:34:56.472,1.47474,1.47274,2.9900,1.1800
22.01.2014 00:34:57.824,1.47474,1.47274,1.2000,2.7300
22.01.2014 00:34:59.177,1.47473,1.47273,1.1400,2.1400
22.01.2014 00:35:00.347,1.47472,1.47272,1.7500,2.5200
22.01.2014 00:35:01.815,1.47473,1.47273,2.6000,2.1400
22.01.2014 00:35:03.262,1.47474,1.47274,2.5400,2.4200
22.01.2014 00:35:04.686,1.47473,1.47273,1.0100,2.3500
22.01.2014 00:35:06.146,1.47473,1.47273,2.1500,1.8200
22.01.2014 00:35:07.475,1.47472,1.47272,2.1700,2.7800
22.01.2014 00:35:08.818,1.47473,1.47273,1.9700,2.5800
22.01.2014 00:35:10.373,1.47472,1.47272,1.2200,2.6400
22.01.2014 00:35:11.669,1.47470,1.47270,1.5600,2.7800
22.01.2014 00:35:12.890,1.47470,1.47270,2.8900,2.7800
22.01.2014 00:35:14.368,1.47470,1.47270,1.7000,2.8800
22.01.2014 00:35:15.722,1.47470,1.47270,1.9500,1.6800
22.01.2014 00:35:17.069,1.47469,1.47269,1.0100,2.3000
22.01.2014 00:35:18.485,1.47469,1.47269,2.5800,1.1300
22.01.2014 00:35:19.936,1.47466,1.47266,2.5600,1.6100
22.01.2014 00:35:21.383,1.47466,1.47266,2.4600,2.1100
22.01.2014 00:35:22.785,1.47469,1.47269,1.3900,2.5500
22.01.2014 00:35:24.067,1.47467,1.47267,1.1000,2.9600
22.01.2014 00:35:25.579,1.47467,1.47267,1.2400,1.5000
22.01.2014 00:35:26.975,1.47467,1.47267,1.6700,2.4500
22.01.2014 00:35:28.310,1.47468,1.47268,2.2300,1.9800
22.01.2014 00:35:29.847,1.47467,1.47267,2.7300,1.3600
22.01.2014 00:35:31.190,1.47469,1.47269,1.2100,1.1500
22.01.2014 00:35:32.660,1.47468,1.47268,2.2700,2.2300
22.01.2014 00:35:34.093,1.47468,1.47268,2.6400,2.3400
22.01.2014 00:35:35.650,1.47468,1.47268,2.9100,1.1000
22.01.2014 00:35:37.071,1.47469,1.47269,2.9700,1.9900
22.01.2014 00:35:38.477,1.47469,1.47269,2.4700,2.3200
22.01.2014 00:35:39.753,1.47468,1.47268,2.0400,1.3800
22.01.2014 00:35:41.243,1.47468,1.47268,2.9200,1.4900
22.01.2014 00:35:42.624,1.47469,1.47269,1.1200,2.7300
22.01.2014 00:35:43.942,1.47467,1.47267,1.4300,2.4300
22.01.2014 00:35:45.270,1.47469,1.47269,2.4800,1.7400
22.01.2014 00:35:46.797,1.47469,1.47269,2.6600,2.5800
22.01.2014 00:35:48.176,1.47469,1.47269,2.7400,2.2500
22.01.2014 00:35:49.641,1.47471,1.47271,2.9400,1.7100
22.01.2014 00:35:51.117,1.47473,1.47273,1.6900,1.7300
22.01.2014 00:35:52.466,1.47474,1.47274,2.4400,1.9200
22.01.2014 00:35:53.732,1.47471,1.47271,1.2900,1.5400
22.01.2014 00:35:55.150,1.47471,1.47271,1.8700,2.7600
22.01.2014 00:35:56.547,1.47472,1.47272,1.8900,2.2900
22.01.2014 00:35:57.868,1.47472,1.47272,2.7900,2.9700
22.01.2014 00:35:59.410,1.47471,1.47271,2.1200,1.8800
22.01.2014 00:36:00.843,1.47471,1.47271,1.0400,2.6300
22.01.2014 00:36:02.365,1.47467,1.47267,2.1400,1.8200
22.01.2014 00:36:03.724,1.47467,1.47267,2.2700,1.2000
22.01.2014 00:36:05.073,1.47467,1.47267,2.1600,2.2300
22.01.2014 00:36:06.675,1.47467,1.47267,2.1700,1.0900
22.01.2014 00:36:08.089,1.47464,1.47264,1.4700,1.1300
22.01.2014 00:36:09.674,1.47466,1.47266,1.5200,2.7400
22.01.2014 00:36:11.204,1.47468,1.47268,2.6600,1.2800
22.01.2014 00:36:12.506,1.47469,1.47269,2.3000,1.0400
22.01.2014 00:36:13.985,1.47468,1.47268,1.6500,2.2900
22.01.2014 00:36:15.334,1.47466,1.47266,2.7800,2.0700
22.01.2014 00:36:16.551,1.47466,1.47266,1.3300,1.0200
22.01.2014 00:36:17.860,1.47466,1.47266,1.5600,1.9600
22.01.2014 00:36:19.177,1.47467,1.47267,2.1700,1.0300
22.01.2014 00:36:20.606,1.47467,1.47267,1.8200,2.5300
22.01.2014 00:36:22.079,1.47469,1.47269,1.7900,1.3700
22.01.2014 00:36:23.634,1.47467,1.47267,1.9500,2.0000
22.01.2014 00:36:25.089,1.47467,1.47267,1.7000,1.5400
22.01.2014 00:36:26.415,1.47468,1.47268,1.5900,1.9600
22.01.2014 00:36:27.817,1.47465,1.47265,2.8600,2.3300
22.01.2014 00:36:29.249,1.47467,1.47267,2.3900,1.2000
22.01.2014 00:36:30.473,1.47465,1.47265,2.7000,2.8200
22.01.2014 00:36:32.015,1.47468,1.47268,1.4900,2.9200
22.01.2014 00:36:33.243,1.47469,1.47269,1.7000,2.8300
22.01.2014 00:36:34.609,1.47469,1.47269,1.6900,2.6000
22.01.2014 00:36:36.064,1.47468,1.47268,2.6100,1.3900
22.01.2014 00:36:37.548,1.47466,1.47266,2.4200,1.5700
22.01.2014 00:36:38.820,1.47465,1.47265,1.9300,1.7500
22.01.2014 00:36:40.348,1.47463,1.47263,1.6200,1.1800
22.01.2014 00:36:41.722,1.47464,1.47264,1.8000,1.1100
22.01.2014 00:36:43.102,1.47462,1.47262,1.8700,1.2300
22.01.2014 00:36:44.550,1.47462,1.47262,1.6600,1.0700
22.01.2014 00:36:46.006,1.47463,1.47263,1.2200,2.4600
22.01.2014 00:36:47.354,1.47461,1.47261,1.3000,1.0400
22.01.2014 00:36:48.806,1.47461,1.47261,1.9900,1.7900
22.01.2014 00:36:50.150,1.47460,1.47260,2.0400,1.6300
22.01.2014 00:36:51.588,1.47462,1.47262,2.1200,2.7400
22.01.2014 00:36:52.842,1.47461,1.47261,1.0500,1.0700
22.01.2014 00:36:54.323,1.47460,1.47260,1.2900,1.3000
22.01.2014 00:36:55.737,1.47459,1.47259,1.7600,2.4900
22.01.2014 00:36:57.018,1.47461,1.47261,1.3300,2.1300
22.01.2014 00:36:58.370,1.47460,1.47260,1.5200,2.6200
22.01.2014 00:36:59.888,1.47460,1.47260,2.8000,1.2800
22.01.2014 00:37:01.195,1.47461,1.47261,2.2100,1.3700
22.01.2014 00:37:02.592,1.47459,1.47259,1.2500,2.7300
22.01.2014 00:37:04.172,1.47459,1.47259,1.3000,1.3800
22.01.2014 00:37:05.708,1.47464,1.47264,1.8500,1.1100
22.01.2014 00:37:07.002,1.47463,1.47263,1.5000,2.4700
22.01.2014 00:37:08.476,1.47464,1.47264,2.7300,2.7900
22.01.2014 00:37:09.772,1.47466,1.47266,1.0400,2.6200
22.01.2014 00:37:11.142,1.47466,1.47266,2.4700,1.1700
22.01.2014 00:37:12.535,1.47467,1.47267,2.1300,2.0600
22.01.2014 00:37:14.020,1.47467,1.47267,1.6100,1.2600
22.01.2014 00:37:15.449,1.47466,1.47266,2.0000,2.8300
22.01.2014 00:37:16.808,1.47468,1.47268,2.1000,1.4400
22.01.2014 00:37:18.286,1.47468,1.47268,2.6000,2.7300
22.01.2014 00:37:19.600,1.47464,1.47264,3.0000,2.0000
22.01.2014 00:37:21.190,1.47464,1.47264,1.8600,2.6700
22.01.2014 00:37:22.666,1.47462,1.47262,1.0100,2.1400
22.01.2014 00:37:24.115,1.47462,1.47262,2.2800,1.6300
22.01.2014 00:37:25.415,1.47463,1.47263,2.2000,2.9200
22.01.2014 00:37:26.641,1.47463,1.47263,1.9900,2.3800
22.01.2014 00:37:28.029,1.47464,1.47264,1.0200,1.2700
22.01.2014 00:37:29.395,1.47462,1.47262,1.9500,2.0600
22.01.2014 00:37:30.787,1.47461,1.47261,1.1000,2.7000
22.01.2014 00:37:32.221,1.47459,1.47259,2.0100,1.1200
22.01.2014 00:37:33.600,1.47461,1.47261,1.5100,1.9800
22.01.2014 00:37:35.042,1.47461,1.47261,1.5900,2.8100
22.01.2014 00:37:36.318,1.47460,1.47260,1.5100,2.0200
22.01.2014 00:37:37.556,1.47458,1.47258,1.2500,2.5400
22.01.2014 00:37:39.066,1.47460,1.47260,1.5200,1.8700
22.01.2014 00:37:40.553,1.47459,1.47259,1.0800,2.7500
22.01.2014 00:37:41.931,1.47459,1.47259,1.9000,1.6200
22.01.2014 00:37:43.426,1.47461,1.47261,2.1800,2.0500
22.01.2014 00:37:44.918,1.47464,1.47264,1.3100,2.1400
22.01.2014 00:37:46.320,1.47465,1.47265,2.6300,2.0400
22.01.2014 00:37:47.792,1.47464,1.47264,2.1800,1.0500
22.01.2014 00:37:49.132,1.47466,1.47266,2.2600,1.5300
22.01.2014 00:37:50.528,1.47466,1.47266,2.8500,2.8000
22.01.2014 00:37:51.982,1.47466,1.47266,1.6300,1.3200
22.01.2014 00:37:53.324,1.47466,1.47266,1.0400,1.6700
22.01.2014 00:37:54.625,1.47466,1.47266,1.9400,2.8700
22.01.2014 00:37:55.953,1.47464,1.47264,2.8300,2.6700
22.01.2014 00:37:57.376,1.47467,1.47267,1.3000,2.7700
22.01.2014 00:37:58.654,1.47466,1.47266,1.2100,1.5500
22.01.2014 00:38:00.132,1.47467,1.47267,2.1500,2.4200
22.01.2014 00:38:01.708,1.47467,1.47267,1.3000,2.4100
22.01.2014 00:38:03.156,1.47465,1.47265,1.5500,2.0000
22.01.2014 00:38:04.644,1.47464,1.47264,2.6400,1.0800
22.01.2014 00:38:05.957,1.47466,1.47266,2.0300,2.6100
22.01.2014 00:38:07.518,1.47466,1.47266,1.2600,1.1700
22.01.2014 00:38:08.905,1.47466,1.47266,2.6800,2.1400
22.01.2014 00:38:10.239,1.47466,1.47266,1.2000,1.1100
22.01.2014 00:38:11.570,1.47462,1.47262,2.2500,1.2200
22.01.2014 00:38:13.034,1.47463,1.47263,2.2000,2.8800
22.01.2014 00:38:14.449,1.47462,1.47262,1.3100,1.1800
22.01.2014 00:38:15.722,1.47462,1.47262,2.3700,2.8100
22.01.2014 00:38:16.994,1.47464,1.47264,1.2900,1.1700
22.01.2014 00:38:18.315,1.47464,1.47264,2.1400,1.3800
22.01.2014 00:38:19.521,1.47465,1.47265,2.5000,1.8800
22.01.2014 00:38:20.888,1.47464,1.47264,1.9400,2.3100
22.01.2014 00:38:22.417,1.47466,1.47266,2.4700,1.4500
22.01.2014 00:38:23.754,1.47467,1.47267,2.9900,2.6200
22.01.2014 00:38:25.126,1.47464,1.47264,1.5300,1.9800
22.01.2014 00:38:26.555,1.47461,1.47261,2.1600,1.7600
22.01.2014 00:38:27.906,1.47462,1.47262,2.2200,2.3800
22.01.2014 00:38:29.269,1.47462,1.47262,2.8600,2.3600
22.01.2014 00:38:30.450,1.47462,1.47262,2.5700,2.9600
22.01.2014 00:38:31.832,1.47459,1.47259,2.7100,1.6000
22.01.2014 00:38:33.153,1.47458,1.47258,2.5400,2.4100
22.01.2014 00:38:34.436,1.47460,1.47260,2.7000,2.1600
22.01.2014 00:38:35.862,1.47460,1.47260,1.1400,2.1600
22.01.2014 00:38:37.270,1.47462,1.47262,2.5500,1.2700
22.01.2014 00:38:38.538,1.47461,1.47261,2.7500,1.4500
22.01.2014 00:38:39.970,1.47460,1.47260,2.6800,2.4400
22.01.2014 00:38:41.368,1.47459,1.47259,2.5500,2.8300
22.01.2014 00:38:42.805,1.47459,1.47259,2.9300,1.3400
22.01.2014 00:38:44.216,1.47456,1.47256,1.5500,2.4300
22.01.2014 00:38:45.698,1.47459,1.47259,1.3100,1.3300
22.01.2014 00:38:47.071,1.47459,1.47259,1.5800,1.4300
22.01.2014 00:38:48.539,1.47458,1.47258,1.5800,1.1500
22.01.2014 00:38:49.961,1.47460,1.47260,1.2200,2.0300
22.01.2014 00:38:51.310,1.47459,1.47259,2.7900,2.5200
22.01.2014 00:38:52.900,1.47459,1.47259,1.1600,1.1800
22.01.2014 00:38:54.179,1.47462,1.47262,2.4900,1.6400
22.01.2014 00:38:55.554,1.47464,1.47264,1.6900,1.2700
22.01.2014 00:38:57.272,1.47465,1.47265,2.3500,1.2400
22.01.2014 00:38:58.485,1.47466,1.47266,1.7300,1.7600
22.01.2014 00:38:59.830,1.47465,1.47265,2.9800,1.2300
22.01.2014 00:39:01.140,1.47464,1.47264,1.4800,1.3100
22.01.2014 00:39:02.470,1.47464,1.47264,2.6500,1.1500
22.01.2014 00:39:03.825,1.47464,1.47264,1.7700,2.8800
22.01.2014 00:39:05.191,1.47462,1.47262,1.6900,2.6700
22.01.2014 00:39:06.766,1.47462,1.47262,1.7500,1.4200
22.01.2014 00:39:08.075,1.47464,1.47264,1.2200,2.9100
22.01.2014 00:39:09.412,1.47464,1.47264,1.3100,1.1900
22.01.2014 00:39:11.124,1.47465,1.47265,2.1700,2.9700
22.01.2014 00:39:12.455,1.47466,1.47266,1.3800,2.9200
22.01.2014 00:39:13.982,1.47466,1.47266,2.9700,1.6900
22.01.2014 00:39:15.547,1.47466,1.47266,2.8300,2.9700
22.01.2014 00:39:16.876,1.47463,1.47263,1.1400,2.1300
22.01.2014 00:39:18.272,1.47459,1.47259,1.3400,1.0900
22.01.2014 00:39:19.738,1.47459,1.47259,1.2400,2.3900
22.01.2014 00:39:21.179,1.47457,1.47257,2.8400,2.7700
22.01.2014 00:39:22.686,1.47456,1.47256,1.0700,2.4900
22.01.2014 00:39:24.115,1.47454,1.47254,1.3500,1.3000
22.01.2014 00:39:25.370,1.47452,1.47252,2.2800,2.3900
22.01.2014 00:39:26.704,1.47452,1.47252,1.0000,2.6100
22.01.2014 00:39:27.893,1.47452,1.47252,2.4900,2.5300
22.01.2014 00:39:29.097,1.47452,1.47252,1.7900,2.9200
22.01.2014 00:39:30.638,1.47452,1.47252,2.5600,1.3100
22.01.2014 00:39:32.097,1.47448,1.47248,1.6800,2.8800
22.01.2014 00:39:33.435,1.47445,1.47245,1.9700,2.6400
22.01.2014 00:39:34.840,1.47446,1.47246,1.6200,2.5500
22.01.2014 00:39:36.218,1.47446,1.47246,1.1400,2.5600
22.01.2014 00:39:37.670,1.47446,1.47246,1.3000,2.5000
22.01.2014 00:39:39.041,1.47446,1.47246,1.0200,1.0300
22.01.2014 00:39:40.260,1.47444,1.47244,2.2300,2.8100
22.01.2014 00:39:41.519,1.47443,1.47243,1.5300,1.3500
22.01.2014 00:39:42.954,1.47440,1.47240,1.6500,2.6200
22.01.2014 00:39:44.288,1.47442,1.47242,2.3400,1.6500
22.01.2014 00:39:45.733,1.47441,1.47241,1.2100,1.2200
22.01.2014 00:39:47.230,1.47437,1.47237,1.5900,2.5200
22.01.2014 00:39:48.591,1.47437,1.47237,2.2900,1.2600
22.01.2014 00:39:50.073,1.47437,1.47237,1.3700,1.6000
22.01.2014 00:39:51.504,1.47437,1.47237,1.1100,1.6700
22.01.2014 00:39:52.970,1.47438,1.47238,1.7700,1.7600
22.01.2014 00:39:54.486,1.47437,1.47237,2.1100,1.6700
22.01.2014 00:39:55.738,1.47435,1.47235,1.9700,2.3900
22.01.2014 00:39:57.282,1.47435,1.47235,1.3100,2.0400
22.01.2014 00:39:58.698,1.47436,1.47236,2.1700,2.2200
22.01.2014 00:40:00.008,1.47435,1.47235,2.8400,2.7100
22.01.2014 00:40:01.359,1.47437,1.47237,1.2900,1.4400
22.01.2014 00:40:02.858,1.47436,1.47236,1.8700,1.1900
22.01.2014 00:40:04.364,1.47435,1.47235,2.3000,2.2900
22.01.2014 00:40:05.815,1.47434,1.47234,1.5100,2.0500
22.01.2014 00:40:07.392,1.47435,1.47235,1.8100,2.3200
22.01.2014 00:40:08.730,1.47436,1.47236,1.6400,1.1400
22.01.2014 00:40:10.132,1.47436,1.47236,1.7500,1.5700
22.01.2014 00:40:11.577,1.47438,1.47238,1.9500,2.9000
22.01.2014 00:40:12.912,1.47437,1.47237,1.7800,2.9700
22.01.2014 00:40:14.505,1.47440,1.47240,2.9500,2.0400
22.01.2014 00:40:15.908,1.47439,1.47239,1.8100,2.8200
22.01.2014 00:40:17.288,1.47439,1.47239,2.1500,1.7800
22.01.2014 00:40:18.702,1.47441,1.47241,2.0000,2.8900
22.01.2014 00:40:20.110,1.47443,1.47243,2.4800,1.2000
22.01.2014 00:40:21.430,1.47441,1.47241,2.5000,2.0700
22.01.2014 00:40:22.741,1.47438,1.47238,2.0700,2.3600
22.01.2014 00:40:24.101,1.47439,1.47239,2.4500,2.1000
22.01.2014 00:40:25.416,1.47437,1.47237,1.6900,1.3900
22.01.2014 00:40:26.932,1.47437,1.47237,2.1600,1.3400
22.01.2014 00:40:28.340,1.47435,1.47235,2.6200,1.9000
22.01.2014 00:40:29.725,1.47436,1.47236,1.7800,2.1000
22.01.2014 00:40:31.182,1.47438,1.47238,2.9700,1.2000
22.01.2014 00:40:32.648,1.47440,1.47240,1.1000,1.3200
22.01.2014 00:40:33.996,1.47439,1.47239,2.2500,2.3500
22.01.2014 00:40:35.340,1.47439,1.47239,1.8700,2.6700
22.01.2014 00:40:36.833,1.47438,1.47238,2.9700,2.7500
22.01.2014 00:40:38.371,1.47434,1.47234,2.2400,2.4600
22.01.2014 00:40:39.692,1.47436,1.47236,1.8600,2.2200
22.01.2014 00:40:40.915,1.47440,1.47240,1.0600,1.9300
22.01.2014 00:40:42.026,1.47439,1.47239,2.3400,1.1700
22.01.2014 00:40:43.449,1.47438,1.47238,1.9700,2.3300
22.01.2014 00:40:44.783,1.47438,1.47238,1.1800,2.5700
22.01.2014 00:40:46.093,1.47437,1.47237,1.7500,2.7600
22.01.2014 00:40:47.781,1.47437,1.47237,2.3900,1.6600
22.01.2014 00:40:49.272,1.47437,1.47237,1.3500,2.8100
22.01.2014 00:40:50.675,1.47436,1.47236,2.9100,1.1100
22.01.2014 00:40:52.137,1.47437,1.47237,2.4700,2.0400
22.01.2014 00:40:53.496,1.47435,1.47235,2.1900,2.6100
22.01.2014 00:40:54.905,1.47435,1.47235,1.1700,2.8200
22.01.2014 00:40:56.351,1.47437,1.47237,1.9300,1.0900
22.01.2014 00:40:57.590,1.47435,1.47235,1.1800,1.4900
22.01.2014 00:40:58.980,1.47437,1.47237,2.6900,1.6600
22.01.2014 00:41:00.325,1.47437,1.47237,2.7700,2.1600
22.01.2014 00:41:01.713,1.47437,1.47237,2.6400,2.8600
22.01.2014 00:41:02.985,1.47435,1.47235,2.2300,2.1800
22.01.2014 00:41:04.544,1.47432,1.47232,1.2500,2.6400
22.01.2014 00:41:05.987,1.47430,1.47230,1.4500,2.9000
22.01.2014 00:41:07.358,1.47430,1.47230,1.0300,1.7200
22.01.2014 00:41:08.908,1.47432,1.47232,1.7900,1.2100
22.01.2014 00:41:10.210,1.47433,1.47233,1.3400,2.7700
22.01.2014 00:41:11.493,1.47433,1.47233,2.9100,1.3100
22.01.2014 00:41:12.805,1.47431,1.47231,2.3500,2.4600
22.01.2014 00:41:14.199,1.47432,1.47232,2.2500,2.2500
22.01.2014 00:41:15.642,1.47433,1.47233,1.3700,2.7200
22.01.2014 00:41:17.192,1.47431,1.47231,1.9200,3.0000
22.01.2014 00:41:18.718,1.47430,1.47230,1.4700,1.6800
22.01.2014 00:41:20.144,1.47431,1.47231,2.1500,1.4800
22.01.2014 00:41:21.498,1.47431,1.47231,2.2700,1.4700
22.01.2014 00:41:23.138,1.47430,1.47230,1.7800,1.0800
22.01.2014 00:41:24.488,1.47429,1.47229,1.3300,1.4800
22.01.2014 00:41:25.833,1.47428,1.47228,2.3400,1.3100
22.01.2014 00:41:27.316,1.47426,1.47226,1.4100,1.4600
22.01.2014 00:41:28.803,1.47431,1.47231,2.9300,1.8600
22.01.2014 00:41:30.215,1.47430,1.47230,1.7900,2.9400
22.01.2014 00:41:31.630,1.47430,1.47230,2.5900,2.7100
22.01.2014 00:41:33.227,1.47427,1.47227,1.2100,1.3500
22.01.2014 00:41:34.675,1.47432,1.47232,2.0300,1.1600
22.01.2014 00:41:36.056,1.47434,1.47234,1.8600,1.2900
22.01.2014 00:41:37.298,1.47434,1.47234,1.9000,1.8700
22.01.2014 00:41:38.580,1.47434,1.47234,1.7800,2.4900
22.01.2014 00:41:40.105,1.47435,1.47235,1.1400,1.6100
22.01.2014 00:41:41.556,1.47431,1.47231,1.8000,2.2000
22.01.2014 00:41:43.016,1.47429,1.47229,1.3900,1.8200
22.01.2014 00:41:44.347,1.47428,1.47228,2.5800,2.8800
22.01.2014 00:41:45.677,1.47425,1.47225,1.9900,1.8900
22.01.2014 00:41:47.130,1.47425,1.47225,2.2300,1.6400
22.01.2014 00:41:48.519,1.47428,1.47228,2.0300,1.6500
22.01.2014 00:41:49.984,1.47430,1.47230,1.4400,1.4100
22.01.2014 00:41:51.202,1.47431,1.47231,1.9200,2.4600
22.01.2014 00:41:52.642,1.47430,1.47230,2.5300,1.5100
22.01.2014 00:41:54.017,1.47430,1.47230,1.3100,1.4900
22.01.2014 00:41:55.417,1.47433,1.47233,1.7800,2.8000
22.01.2014 00:41:56.872,1.47432,1.47232,2.8800,2.6500
22.01.2014 00:41:58.124,1.47432,1.47232,2.3100,1.6000
22.01.2014 00:41:59.532,1.47430,1.47230,1.1500,1.6300
22.01.2014 00:42:00.859,1.47429,1.47229,1.6000,2.5600
22.01.2014 00:42:02.265,1.47429,1.47229,2.4100,1.5900
22.01.2014 00:42:03.784,1.47430,1.47230,2.2300,2.7800
22.01.2014 00:42:05.249,1.47431,1.47231,2.7200,2.2200
22.01.2014 00:42:06.661,1.47431,1.47231,2.0800,1.5000
22.01.2014 00:42:08.018,1.47430,1.47230,2.6300,1.6200
22.01.2014 00:42:09.403,1.47432,1.47232,1.1500,1.1200
22.01.2014 00:42:10.996,1.47433,1.47233,1.9500,1.3400
22.01.2014 00:42:12.324,1.47434,1.47234,1.8900,1.2900
22.01.2014 00:42:13.881,1.47432,1.47232,2.5200,1.7800
22.01.2014 00:42:15.209,1.47432,1.47232,1.9700,2.9300
22.01.2014 00:42:16.498,1.47436,1.47236,1.5100,1.7900
22.01.2014 00:42:17.957,1.47434,1.47234,2.9000,1.6500
22.01.2014 00:42:19.371,1.47433,1.47233,1.5400,2.4600
22.01.2014 00:42:20.741,1.47433,1.47233,2.2100,1.9000
22.01.2014 00:42:22.049,1.47431,1.47231,1.1800,1.6400
22.01.2014 00:42:23.420,1.47432,1.47232,2.2000,2.2900
22.01.2014 00:42:24.781,1.47433,1.47233,1.5500,2.1600
22.01.2014 00:42:26.204,1.47433,1.47233,2.5400,2.6100
22.01.2014 00:42:27.814,1.47430,1.47230,2.9100,2.8200
22.01.2014 00:42:29.234,1.47429,1.47229,1.1900,1.0900
22.01.2014 00:42:30.586,1.47429,1.47229,1.1900,1.7000
22.01.2014 00:42:32.009,1.47429,1.47229,1.7500,1.0100
22.01.2014 00:42:33.264,1.47428,1.47228,2.0600,1.4500
22.01.2014 00:42:34.829,1.47428,1.47228,2.2800,1.0200
22.01.2014 00:42:36.329,1.47429,1.47229,2.8600,1.2400
22.01.2014 00:42:37.637,1.47429,1.47229,2.4600,1.8200
22.01.2014 00:42:39.075,1.47428,1.47228,2.5500,2.5600
22.01.2014 00:42:40.555,1.47425,1.47225,1.6000,2.3300
22.01.2014 00:42:41.997,1.47428,1.47228,1.1700,2.7300
22.01.2014 00:42:43.324,1.47429,1.47229,1.0900,1.9100
22.01.2014 00:42:44.977,1.47428,1.47228,2.5100,1.5800
22.01.2014 00:42:46.282,1.47426,1.47226,1.5000,1.7000
22.01.2014 00:42:47.759,1.47425,1.47225,2.1300,2.1000
22.01.2014 00:42:49.080,1.47425,1.47225,1.3500,1.4500
22.01.2014 00:42:50.473,1.47425,1.47225,1.1200,2.3600
22.01.2014 00:42:51.794,1.47422,1.47222,2.6200,2.3300
22.01.2014 00:42:53.284,1.47420,1.47220,1.5700,1.3100
22.01.2014 00:42:54.646,1.47420,1.47220,1.0500,1.9600
22.01.2014 00:42:56.112,1.47421,1.47221,1.7700,1.9000
22.01.2014 00:42:57.449,1.47420,1.47220,1.1000,2.5700
22.01.2014 00:42:58.867,1.47421,1.47221,1.4200,2.5300
22.01.2014 00:43:00.262,1.47420,1.47220,2.0500,1.8800
22.01.2014 00:43:01.671,1.47420,1.47220,2.5900,1.9500
22.01.2014 00:43:03.057,1.47417,1.47217,2.4100,2.7700
22.01.2014 00:43:04.303,1.47417,1.47217,2.1800,1.6100
22.01.2014 00:43:05.831,1.47420,1.47220,1.4100,2.4600
22.01.2014 00:43:07.117,1.47419,1.47219,2.8300,1.4700
22.01.2014 00:43:08.445,1.47422,1.47222,2.2000,1.1400
22.01.2014 00:43:09.936,1.47421,1.47221,1.6900,2.7400
22.01.2014 00:43:11.187,1.47422,1.47222,2.3800,1.1100
22.01.2014 00:43:12.690,1.47424,1.47224,1.4700,1.2200
22.01.2014 00:43:14.032,1.47422,1.47222,2.4800,2.4600
22.01.2014 00:43:15.338,1.47421,1.47221,2.2000,2.8300
