Time,Ask,Bid,AskVolume,BidVolume
27.01.2014 00:00:01.909,1.47550,1.47350,1.0200,2.7200
27.01.2014 00:00:03.254,1.47551,1.47351,2.7900,2.5200
27.01.2014 00:00:04.696,1.47550,1.47350,2.7500,1.4300
27.01.2014 00:00:06.221,1.47552,1.47352,1.9300,1.5700
27.01.2014 00:00:07.614,1.47554,1.47354,2.3300,2.7400
27.01.2014 00:00:09.088,1.47551,1.47351,2.1900,2.5600
27.01.2014 00:00:10.501,1.47549,1.47349,2.3700,2.3300
27.01.2014 00:00:11.718,1.47546,1.47346,1.8200,1.5400
27.01.2014 00:00:12.949,1.47546,1.47346,1.6400,2.7500
27.01.2014 00:00:14.345,1.47546,1.47346,2.2800,1.8800
27.01.2014 00:00:15.802,1.47547,1.47347,1.6500,1.5000
27.01.2014 00:00:17.024,1.47548,1.47348,2.3500,1.5000
27.01.2014 00:00:18.258,1.47547,1.47347,2.5300,1.0700
27.01.2014 00:00:19.600,1.47548,1.47348,2.5500,2.8100
27.01.2014 00:00:21.204,1.47548,1.47348,1.0400,2.6900
27.01.2014 00:00:22.429,1.47548,1.47348,1.7400,2.0000
27.01.2014 00:00:23.868,1.47548,1.47348,2.3800,2.2800
27.01.2014 00:00:25.268,1.47548,1.47348,2.5200,2.6400
27.01.2014 00:00:26.726,1.47549,1.47349,1.9400,2.2600
27.01.2014 00:00:28.047,1.47548,1.47348,2.3100,2.5200
27.01.2014 00:00:29.373,1.47549,1.47349,1.9300,2.5400
27.01.2014 00:00:30.673,1.47546,1.47346,1.7600,1.5500
27.01.2014 00:00:32.246,1.47549,1.47349,2.6500,2.5400
27.01.2014 00:00:33.578,1.47547,1.47347,1.7100,2.2100
27.01.2014 00:00:34.926,1.47546,1.47346,1.2000,1.7500
27.01.2014 00:00:36.202,1.47546,1.47346,2.2000,1.0800
27.01.2014 00:00:37.588,1.47547,1.47347,2.5000,2.6000
27.01.2014 00:00:38.912,1.47547,1.47347,1.2900,2.3500
27.01.2014 00:00:40.362,1.47545,1.47345,2.8300,1.8600
27.01.2014 00:00:41.590,1.47547,1.47347,2.3000,1.1800
27.01.2014 00:00:42.774,1.47547,1.47347,2.4300,2.1600
27.01.2014 00:00:44.042,1.47545,1.47345,1.2400,2.7600
27.01.2014 00:00:45.383,1.47545,1.47345,1.9600,1.2500
27.01.2014 00:00:46.902,1.47546,1.47346,2.9200,1.1900
27.01.2014 00:00:48.308,1.47549,1.47349,1.1600,1.6800
27.01.2014 00:00:49.534,1.47550,1.47350,1.7500,1.2700
27.01.2014 00:00:50.829,1.47552,1.47352,1.0900,2.9900
27.01.2014 00:00:52.180,1.47549,1.47349,2.5100,1.3900
27.01.2014 00:00:53.417,1.47548,1.47348,1.5000,1.2000
27.01.2014 00:00:54.880,1.47547,1.47347,1.9000,2.2300
27.01.2014 00:00:56.242,1.47551,1.47351,1.8300,2.8000
27.01.2014 00:00:57.481,1.47551,1.47351,2.1400,1.4700
27.01.2014 00:00:58.869,1.47549,1.47349,2.7600,2.8800
27.01.2014 00:01:00.541,1.47550,1.47350,2.7600,1.7900
27.01.2014 00:01:01.918,1.47548,1.47348,2.9900,1.7100
27.01.2014 00:01:03.322,1.47546,1.47346,1.2900,1.1900
27.01.2014 00:01:04.608,1.47548,1.47348,1.5800,1.5500
27.01.2014 00:01:06.124,1.47546,1.47346,1.3200,2.2200
27.01.2014 00:01:07.554,1.47547,1.47347,1.5800,2.6600
27.01.2014 00:01:08.954,1.47548,1.47348,2.9000,2.0300
27.01.2014 00:01:10.447,1.47552,1.47352,2.8500,1.9200
27.01.2014 00:01:11.966,1.47550,1.47350,1.1600,2.3400
27.01.2014 00:01:13.278,1.47550,1.47350,2.7200,1.9500
27.01.2014 00:01:14.786,1.47548,1.47348,1.2100,1.8000
27.01.2014 00:01:16.134,1.47546,1.47346,1.4200,1.7900
27.01.2014 00:01:17.571,1.47545,1.47345,1.3800,1.1200
27.01.2014 00:01:18.940,1.47544,1.47344,2.2800,1.8400
27.01.2014 00:01:20.371,1.47543,1.47343,2.5200,2.3900
27.01.2014 00:01:21.958,1.47545,1.47345,1.5400,2.7500
27.01.2014 00:01:23.397,1.47544,1.47344,1.9500,1.8300
27.01.2014 00:01:24.829,1.47540,1.47340,2.6900,1.0600
27.01.2014 00:01:26.169,1.47540,1.47340,2.6100,1.6300
27.01.2014 00:01:27.543,1.47538,1.47338,1.9700,2.9800
27.01.2014 00:01:28.933,1.47538,1.47338,1.2000,1.1500
27.01.2014 00:01:30.295,1.47536,1.47336,2.7800,1.2300
27.01.2014 00:01:31.810,1.47536,1.47336,1.1200,2.8000
27.01.2014 00:01:33.096,1.47542,1.47342,2.8800,1.2000
27.01.2014 00:01:34.490,1.47538,1.47338,2.0300,1.3700
27.01.2014 00:01:36.007,1.47537,1.47337,2.0800,2.2800
27.01.2014 00:01:37.628,1.47535,1.47335,2.9000,1.9400
27.01.2014 00:01:39.170,1.47533,1.47333,2.1300,1.1800
27.01.2014 00:01:40.455,1.47534,1.47334,1.8400,1.9900
27.01.2014 00:01:41.927,1.47534,1.47334,1.3900,2.3400
27.01.2014 00:01:43.295,1.47532,1.47332,1.8200,1.3100
27.01.2014 00:01:44.798,1.47529,1.47329,2.2700,2.3500
27.01.2014 00:01:46.164,1.47529,1.47329,2.9600,2.1000
27.01.2014 00:01:47.614,1.47526,1.47326,2.0300,2.1400
27.01.2014 00:01:48.915,1.47525,1.47325,2.2900,2.7900
27.01.2014 00:01:50.164,1.47525,1.47325,1.2000,2.8700
27.01.2014 00:01:51.578,1.47520,1.47320,2.9300,1.8400
27.01.2014 00:01:52.771,1.47522,1.47322,2.4300,1.1200
27.01.2014 00:01:53.979,1.47525,1.47325,1.3400,2.7200
27.01.2014 00:01:55.298,1.47526,1.47326,2.6200,2.7300
27.01.2014 00:01:56.639,1.47526,1.47326,2.7800,1.3400
27.01.2014 00:01:57.973,1.47530,1.47330,2.1800,1.9700
27.01.2014 00:01:59.374,1.47531,1.47331,1.6300,1.1000
27.01.2014 00:02:01.028,1.47531,1.47331,2.8000,2.5000
27.01.2014 00:02:02.332,1.47531,1.47331,1.8900,1.8500
27.01.2014 00:02:03.630,1.47530,1.47330,2.4000,1.5500
27.01.2014 00:02:05.091,1.47531,1.47331,1.8800,2.9100
27.01.2014 00:02:06.599,1.47532,1.47332,1.5800,2.4400
27.01.2014 00:02:07.989,1.47531,1.47331,2.2600,2.1700
27.01.2014 00:02:09.229,1.47532,1.47332,2.8900,2.2800
27.01.2014 00:02:10.531,1.47532,1.47332,2.2000,2.0100
27.01.2014 00:02:12.003,1.47535,1.47335,2.0300,1.3400
27.01.2014 00:02:13.318,1.47537,1.47337,2.5000,2.9900
27.01.2014 00:02:14.634,1.47537,1.47337,2.7000,1.6100
27.01.2014 00:02:15.983,1.47539,1.47339,2.3200,2.6600
27.01.2014 00:02:17.350,1.47542,1.47342,2.4400,2.1600
27.01.2014 00:02:18.722,1.47540,1.47340,1.8000,1.4100
27.01.2014 00:02:20.107,1.47539,1.47339,2.4100,1.0700
27.01.2014 00:02:21.566,1.47540,1.47340,1.4100,1.9300
27.01.2014 00:02:22.990,1.47541,1.47341,2.7200,1.1500
27.01.2014 00:02:24.469,1.47541,1.47341,2.8100,1.6500
27.01.2014 00:02:25.935,1.47541,1.47341,1.3100,2.4300
27.01.2014 00:02:27.369,1.47541,1.47341,1.4500,2.6200
27.01.2014 00:02:28.691,1.47543,1.47343,2.4000,1.6400
27.01.2014 00:02:30.151,1.47546,1.47346,1.8800,1.6100
27.01.2014 00:02:31.609,1.47543,1.47343,1.4400,1.0300
27.01.2014 00:02:32.964,1.47539,1.47339,1.4500,1.8300
27.01.2014 00:02:34.326,1.47539,1.47339,1.5600,1.6400
27.01.2014 00:02:35.544,1.47539,1.47339,1.3900,2.0700
27.01.2014 00:02:37.015,1.47535,1.47335,2.2900,2.6000
27.01.2014 00:02:38.318,1.47536,1.47336,1.3300,1.2100
27.01.2014 00:02:39.825,1.47534,1.47334,1.6100,1.6800
27.01.2014 00:02:41.022,1.47532,1.47332,2.6600,1.0700
27.01.2014 00:02:42.568,1.47533,1.47333,2.4500,1.3700
27.01.2014 00:02:43.923,1.47533,1.47333,2.6300,2.2700
27.01.2014 00:02:45.529,1.47534,1.47334,2.1300,2.4600
27.01.2014 00:02:46.895,1.47533,1.47333,2.0900,2.1100
27.01.2014 00:02:48.173,1.47533,1.47333,1.5800,2.8600
27.01.2014 00:02:49.622,1.47532,1.47332,1.4700,1.4700
27.01.2014 00:02:50.990,1.47533,1.47333,1.8300,2.9000
27.01.2014 00:02:52.392,1.47532,1.47332,2.0700,1.3800
27.01.2014 00:02:53.776,1.47531,1.47331,1.0700,1.4500
27.01.2014 00:02:55.213,1.47532,1.47332,1.7100,1.5800
27.01.2014 00:02:56.674,1.47532,1.47332,2.8200,1.1100
27.01.2014 00:02:58.161,1.47532,1.47332,2.6000,2.8200
27.01.2014 00:02:59.517,1.47531,1.47331,2.9900,2.7600
27.01.2014 00:03:00.996,1.47529,1.47329,2.3100,1.4100
27.01.2014 00:03:02.407,1.47530,1.47330,2.1000,1.2700
27.01.2014 00:03:03.863,1.47531,1.47331,2.8200,2.5400
27.01.2014 00:03:05.261,1.47530,1.47330,2.5900,1.7000
27.01.2014 00:03:06.663,1.47529,1.47329,2.7300,2.9700
27.01.2014 00:03:08.106,1.47530,1.47330,1.0400,1.5000
27.01.2014 00:03:09.302,1.47529,1.47329,1.1900,2.4600
27.01.2014 00:03:10.629,1.47532,1.47332,1.0500,1.8500
27.01.2014 00:03:11.921,1.47530,1.47330,1.9700,1.5300
27.01.2014 00:03:13.313,1.47533,1.47333,2.3700,1.4300
27.01.2014 00:03:14.595,1.47533,1.47333,1.7200,2.3500
27.01.2014 00:03:16.063,1.47530,1.47330,2.1800,1.8200
27.01.2014 00:03:17.386,1.47529,1.47329,1.3600,1.7800
27.01.2014 00:03:18.819,1.47525,1.47325,1.9600,1.1600
27.01.2014 00:03:20.226,1.47526,1.47326,2.9700,2.4300
27.01.2014 00:03:21.493,1.47524,1.47324,2.5300,1.3800
27.01.2014 00:03:22.951,1.47527,1.47327,2.6800,1.6300
27.01.2014 00:03:24.407,1.47525,1.47325,1.6700,2.8200
27.01.2014 00:03:25.670,1.47525,1.47325,1.9800,1.7000
27.01.2014 00:03:27.285,1.47528,1.47328,2.8000,1.6000
27.01.2014 00:03:28.401,1.47526,1.47326,2.4600,1.7200
27.01.2014 00:03:29.799,1.47525,1.47325,2.0000,1.6500
27.01.2014 00:03:31.209,1.47525,1.47325,2.0900,2.4100
27.01.2014 00:03:32.767,1.47526,1.47326,1.7700,2.2600
27.01.2014 00:03:34.148,1.47526,1.47326,2.3700,2.1100
27.01.2014 00:03:35.488,1.47526,1.47326,1.0700,2.1600
27.01.2014 00:03:36.886,1.47525,1.47325,1.6400,2.6100
27.01.2014 00:03:38.241,1.47525,1.47325,1.1700,2.7900
27.01.2014 00:03:39.660,1.47522,1.47322,2.8600,1.4100
27.01.2014 00:03:40.985,1.47523,1.47323,2.4900,1.9600
27.01.2014 00:03:42.274,1.47522,1.47322,1.2900,1.8900
27.01.2014 00:03:43.627,1.47526,1.47326,2.9900,1.9500
27.01.2014 00:03:45.116,1.47525,1.47325,2.6600,1.8900
27.01.2014 00:03:46.534,1.47525,1.47325,2.3900,2.4100
27.01.2014 00:03:48.161,1.47524,1.47324,1.4300,2.9200
27.01.2014 00:03:49.522,1.47525,1.47325,2.7600,1.5000
27.01.2014 00:03:50.774,1.47524,1.47324,2.3800,1.2600
27.01.2014 00:03:52.159,1.47524,1.47324,2.6600,1.7200
27.01.2014 00:03:53.747,1.47525,1.47325,2.9900,1.7700
27.01.2014 00:03:55.200,1.47527,1.47327,1.9800,2.3000
27.01.2014 00:03:56.537,1.47527,1.47327,2.3300,1.5800
27.01.2014 00:03:57.760,1.47527,1.47327,2.8200,1.6200
27.01.2014 00:03:59.113,1.47528,1.47328,2.2700,2.9200
27.01.2014 00:04:00.416,1.47526,1.47326,2.6300,1.3600
27.01.2014 00:04:01.824,1.47526,1.47326,1.1500,1.3400
27.01.2014 00:04:03.268,1.47526,1.47326,1.2700,2.1300
27.01.2014 00:04:04.685,1.47530,1.47330,1.0400,2.5200
27.01.2014 00:04:05.928,1.47529,1.47329,1.2600,1.6700
27.01.2014 00:04:07.501,1.47531,1.47331,1.6300,1.4600
27.01.2014 00:04:08.918,1.47531,1.47331,2.9400,2.4300
27.01.2014 00:04:10.279,1.47533,1.47333,1.1900,2.9700
27.01.2014 00:04:11.619,1.47533,1.47333,2.6700,2.6300
27.01.2014 00:04:13.130,1.47534,1.47334,2.7800,2.1100
27.01.2014 00:04:14.517,1.47533,1.47333,2.7400,1.4400
27.01.2014 00:04:15.866,1.47532,1.47332,2.3500,1.6600
27.01.2014 00:04:17.298,1.47533,1.47333,1.3800,2.1600
27.01.2014 00:04:18.807,1.47530,1.47330,2.3300,2.0300
27.01.2014 00:04:20.218,1.47529,1.47329,2.4000,1.4500
27.01.2014 00:04:21.414,1.47530,1.47330,1.2000,1.5700
27.01.2014 00:04:22.686,1.47531,1.47331,2.5500,2.4500
27.01.2014 00:04:23.984,1.47533,1.47333,1.8200,2.7000
27.01.2014 00:04:25.458,1.47533,1.47333,1.7700,2.6300
27.01.2014 00:04:26.837,1.47533,1.47333,1.8600,1.9900
27.01.2014 00:04:28.174,1.47533,1.47333,1.9500,1.2800
27.01.2014 00:04:29.510,1.47535,1.47335,1.7800,2.5900
27.01.2014 00:04:30.890,1.47533,1.47333,2.4500,2.3500
27.01.2014 00:04:32.207,1.47531,1.47331,2.5500,1.3600
27.01.2014 00:04:33.627,1.47529,1.47329,1.7400,1.5400
27.01.2014 00:04:34.975,1.47527,1.47327,2.4500,1.3700
27.01.2014 00:04:36.180,1.47527,1.47327,2.7500,2.4200
27.01.2014 00:04:37.646,1.47526,1.47326,1.1000,1.9100
27.01.2014 00:04:39.100,1.47526,1.47326,2.1200,1.7800
27.01.2014 00:04:40.475,1.47526,1.47326,1.9700,1.0200
27.01.2014 00:04:42.097,1.47525,1.47325,2.3700,1.1100
27.01.2014 00:04:43.572,1.47525,1.47325,1.5100,2.0400
27.01.2014 00:04:44.996,1.47529,1.47329,2.9300,1.3700
27.01.2014 00:04:46.358,1.47528,1.47328,1.6400,2.7500
27.01.2014 00:04:47.717,1.47529,1.47329,2.9000,2.3200
27.01.2014 00:04:49.123,1.47530,1.47330,1.7400,2.9600
27.01.2014 00:04:50.623,1.47528,1.47328,1.9700,1.7500
27.01.2014 00:04:51.912,1.47531,1.47331,2.2300,2.4300
27.01.2014 00:04:53.426,1.47531,1.47331,2.5200,1.7700
27.01.2014 00:04:54.831,1.47533,1.47333,2.4300,2.5900
27.01.2014 00:04:56.155,1.47534,1.47334,1.6100,1.9100
27.01.2014 00:04:57.585,1.47535,1.47335,1.3800,1.0300
27.01.2014 00:04:58.956,1.47535,1.47335,2.2300,1.3800
27.01.2014 00:05:00.435,1.47535,1.47335,1.3300,1.6100
27.01.2014 00:05:01.820,1.47537,1.47337,1.7000,1.3400
27.01.2014 00:05:03.296,1.47536,1.47336,2.6100,1.2300
27.01.2014 00:05:04.678,1.47537,1.47337,1.6100,1.6300
27.01.2014 00:05:06.232,1.47539,1.47339,2.6100,2.9200
27.01.2014 00:05:07.820,1.47541,1.47341,1.3700,2.5000
27.01.2014 00:05:09.153,1.47542,1.47342,1.5200,2.9700
27.01.2014 00:05:10.447,1.47542,1.47342,2.3700,1.9300
27.01.2014 00:05:11.787,1.47540,1.47340,1.5900,2.1300
27.01.2014 00:05:13.102,1.47539,1.47339,2.1100,1.0800
27.01.2014 00:05:14.359,1.47539,1.47339,1.7500,2.0800
27.01.2014 00:05:15.749,1.47538,1.47338,2.8900,1.4600
27.01.2014 00:05:17.225,1.47539,1.47339,2.5000,2.9600
27.01.2014 00:05:18.660,1.47539,1.47339,1.8100,2.8100
27.01.2014 00:05:19.929,1.47537,1.47337,1.6600,2.9300
27.01.2014 00:05:21.324,1.47537,1.47337,1.1700,1.3800
27.01.2014 00:05:22.859,1.47536,1.47336,1.4700,1.2700
27.01.2014 00:05:24.369,1.47534,1.47334,1.8900,1.9800
27.01.2014 00:05:25.778,1.47534,1.47334,1.3900,2.1700
27.01.2014 00:05:27.161,1.47534,1.47334,2.4200,1.1900
27.01.2014 00:05:28.678,1.47535,1.47335,2.3600,1.3600
27.01.2014 00:05:30.022,1.47535,1.47335,2.0700,2.6300
27.01.2014 00:05:31.646,1.47537,1.47337,1.8200,1.6000
27.01.2014 00:05:33.151,1.47537,1.47337,2.7800,2.2100
27.01.2014 00:05:34.472,1.47536,1.47336,1.8500,2.8000
27.01.2014 00:05:35.761,1.47539,1.47339,2.5100,1.5600
27.01.2014 00:05:37.243,1.47539,1.47339,2.2800,2.5600
27.01.2014 00:05:38.582,1.47540,1.47340,1.5700,1.6300
27.01.2014 00:05:39.973,1.47540,1.47340,2.1900,2.0500
27.01.2014 00:05:41.358,1.47541,1.47341,1.6600,2.0000
27.01.2014 00:05:42.769,1.47540,1.47340,2.8200,1.0200
27.01.2014 00:05:44.197,1.47538,1.47338,2.1400,2.0200
27.01.2014 00:05:45.530,1.47539,1.47339,1.8900,1.9600
27.01.2014 00:05:47.065,1.47537,1.47337,2.5200,2.1200
27.01.2014 00:05:48.543,1.47537,1.47337,1.1500,2.1000
27.01.2014 00:05:49.924,1.47538,1.47338,1.6800,2.4300
27.01.2014 00:05:51.409,1.47539,1.47339,2.3600,1.4300
27.01.2014 00:05:52.787,1.47541,1.47341,1.6000,2.9700
27.01.2014 00:05:54.407,1.47540,1.47340,2.3800,2.1300
27.01.2014 00:05:55.719,1.47540,1.47340,1.0300,2.3400
27.01.2014 00:05:57.169,1.47539,1.47339,2.4700,2.5900
27.01.2014 00:05:58.500,1.47539,1.47339,1.5300,1.9100
27.01.2014 00:05:59.796,1.47541,1.47341,1.8800,1.8100
27.01.2014 00:06:01.337,1.47542,1.47342,1.3700,1.8800
27.01.2014 00:06:02.845,1.47543,1.47343,2.1600,1.7700
27.01.2014 00:06:04.208,1.47545,1.47345,1.2700,1.5800
27.01.2014 00:06:05.607,1.47549,1.47349,2.3800,1.7200
27.01.2014 00:06:06.876,1.47549,1.47349,2.6700,2.6200
27.01.2014 00:06:08.268,1.47548,1.47348,1.1100,2.8500
27.01.2014 00:06:09.712,1.47549,1.47349,2.1100,2.0200
27.01.2014 00:06:11.010,1.47548,1.47348,2.3200,1.9700
27.01.2014 00:06:12.107,1.47547,1.47347,2.1500,2.4000
27.01.2014 00:06:13.552,1.47546,1.47346,1.7900,1.5600
27.01.2014 00:06:15.100,1.47548,1.47348,1.9600,2.9800
27.01.2014 00:06:16.421,1.47547,1.47347,1.6000,2.0600
27.01.2014 00:06:17.606,1.47546,1.47346,2.5500,1.9000
27.01.2014 00:06:19.118,1.47546,1.47346,2.7500,1.1600
27.01.2014 00:06:20.361,1.47545,1.47345,2.4500,2.5900
27.01.2014 00:06:21.715,1.47546,1.47346,2.6700,1.6500
27.01.2014 00:06:23.163,1.47546,1.47346,2.0200,1.3000
27.01.2014 00:06:24.685,1.47545,1.47345,1.8500,1.7600
27.01.2014 00:06:26.098,1.47547,1.47347,2.3400,1.1600
27.01.2014 00:06:27.625,1.47551,1.47351,1.4300,1.9000
27.01.2014 00:06:29.066,1.47552,1.47352,1.4000,2.7400
27.01.2014 00:06:30.509,1.47552,1.47352,2.3100,1.0900
27.01.2014 00:06:31.798,1.47552,1.47352,2.4900,2.3700
27.01.2014 00:06:33.222,1.47552,1.47352,2.3200,2.3900
27.01.2014 00:06:34.576,1.47554,1.47354,2.8200,1.6600
27.01.2014 00:06:35.969,1.47556,1.47356,1.7500,2.4800
27.01.2014 00:06:37.373,1.47555,1.47355,1.9200,2.5800
27.01.2014 00:06:38.627,1.47557,1.47357,1.3000,1.0900
27.01.2014 00:06:40.016,1.47559,1.47359,2.1100,1.9500
27.01.2014 00:06:41.327,1.47557,1.47357,1.3100,1.5700
27.01.2014 00:06:42.925,1.47558,1.47358,1.3000,2.1600
27.01.2014 00:06:44.299,1.47558,1.47358,2.2500,1.6600
27.01.2014 00:06:45.579,1.47559,1.47359,2.7800,1.7500
27.01.2014 00:06:46.998,1.47560,1.47360,1.6100,1.9300
27.01.2014 00:06:48.473,1.47560,1.47360,2.8000,2.9100
27.01.2014 00:06:49.943,1.47558,1.47358,2.6700,1.7000
27.01.2014 00:06:51.231,1.47558,1.47358,2.9100,2.0000
27.01.2014 00:06:52.610,1.47562,1.47362,2.9800,1.9600
27.01.2014 00:06:53.942,1.47561,1.47361,2.9500,2.5700
27.01.2014 00:06:55.210,1.47558,1.47358,1.7800,2.3200
27.01.2014 00:06:56.589,1.47559,1.47359,2.8500,1.4500
27.01.2014 00:06:58.021,1.47557,1.47357,1.9900,1.8800
27.01.2014 00:06:59.444,1.47556,1.47356,1.9300,1.7900
27.01.2014 00:07:00.915,1.47553,1.47353,2.3600,1.7100
27.01.2014 00:07:02.426,1.47553,1.47353,2.9000,1.9400
27.01.2014 00:07:03.699,1.47552,1.47352,2.2400,2.0200
27.01.2014 00:07:05.197,1.47550,1.47350,1.1700,1.8300
27.01.2014 00:07:06.531,1.47551,1.47351,1.3900,1.9200
27.01.2014 00:07:07.892,1.47554,1.47354,2.0200,3.0000
27.01.2014 00:07:09.213,1.47553,1.47353,1.6600,2.5500
27.01.2014 00:07:10.598,1.47555,1.47355,2.2500,2.3600
27.01.2014 00:07:11.834,1.47553,1.47353,1.6000,2.1200
27.01.2014 00:07:13.160,1.47553,1.47353,1.8200,2.9400
27.01.2014 00:07:14.369,1.47553,1.47353,1.0800,2.2200
27.01.2014 00:07:15.604,1.47552,1.47352,1.9800,1.3500
27.01.2014 00:07:16.963,1.47553,1.47353,2.8700,2.2900
27.01.2014 00:07:18.179,1.47552,1.47352,2.1200,1.6400
27.01.2014 00:07:19.647,1.47551,1.47351,2.6900,2.5100
27.01.2014 00:07:20.915,1.47549,1.47349,1.7500,1.6700
27.01.2014 00:07:22.352,1.47547,1.47347,1.0400,1.8500
27.01.2014 00:07:23.730,1.47547,1.47347,2.1300,1.5000
27.01.2014 00:07:24.933,1.47547,1.47347,2.8600,2.3000
27.01.2014 00:07:26.314,1.47548,1.47348,2.6300,2.4500
27.01.2014 00:07:27.596,1.47548,1.47348,1.3600,1.4000
27.01.2014 00:07:28.949,1.47547,1.47347,2.4600,2.7300
27.01.2014 00:07:30.440,1.47551,1.47351,1.7500,2.4800
27.01.2014 00:07:31.867,1.47555,1.47355,1.1300,2.1600
27.01.2014 00:07:33.132,1.47552,1.47352,1.1300,1.0700
27.01.2014 00:07:34.359,1.47552,1.47352,2.5500,3.0000
27.01.2014 00:07:35.858,1.47554,1.47354,1.6000,2.2100
27.01.2014 00:07:37.414,1.47553,1.47353,1.8700,2.6800
27.01.2014 00:07:38.785,1.47552,1.47352,2.0500,1.7700
27.01.2014 00:07:40.351,1.47554,1.47354,1.0600,1.1300
27.01.2014 00:07:41.624,1.47552,1.47352,1.1500,2.1100
27.01.2014 00:07:42.871,1.47552,1.47352,2.3300,2.3500
27.01.2014 00:07:44.254,1.47551,1.47351,2.5100,1.5500
27.01.2014 00:07:45.721,1.47553,1.47353,1.8500,2.8700
27.01.2014 00:07:47.330,1.47551,1.47351,1.8500,1.5900
27.01.2014 00:07:48.775,1.47551,1.47351,1.4300,2.9900
27.01.2014 00:07:50.310,1.47551,1.47351,1.5600,2.1700
27.01.2014 00:07:51.923,1.47551,1.47351,1.2400,2.6400
27.01.2014 00:07:53.479,1.47553,1.47353,2.3700,1.9500
27.01.2014 00:07:54.753,1.47553,1.47353,2.4800,2.9700
27.01.2014 00:07:56.245,1.47552,1.47352,2.0600,1.8100
27.01.2014 00:07:57.816,1.47552,1.47352,2.3800,2.4200
27.01.2014 00:07:59.169,1.47552,1.47352,1.9200,1.3300
27.01.2014 00:08:00.528,1.47550,1.47350,2.0700,2.0500
27.01.2014 00:08:01.818,1.47551,1.47351,1.3500,1.8900
27.01.2014 00:08:03.245,1.47552,1.47352,2.1200,2.9400
27.01.2014 00:08:04.674,1.47551,1.47351,3.0000,1.9100
27.01.2014 00:08:06.063,1.47548,1.47348,1.8000,1.8900
27.01.2014 00:08:07.661,1.47547,1.47347,2.2500,2.6400
27.01.2014 00:08:09.039,1.47545,1.47345,1.3800,2.3500
27.01.2014 00:08:10.527,1.47544,1.47344,1.8500,1.6800
27.01.2014 00:08:11.945,1.47548,1.47348,2.9000,1.8900
27.01.2014 00:08:13.366,1.47547,1.47347,2.3400,1.3000
27.01.2014 00:08:14.659,1.47549,1.47349,2.3800,2.4200
27.01.2014 00:08:16.036,1.47548,1.47348,1.3600,1.3100
27.01.2014 00:08:17.432,1.47548,1.47348,2.7900,1.8500
27.01.2014 00:08:18.757,1.47549,1.47349,2.1300,2.9100
27.01.2014 00:08:20.093,1.47547,1.47347,2.5300,1.5600
27.01.2014 00:08:21.549,1.47549,1.47349,1.0600,1.6300
27.01.2014 00:08:22.969,1.47548,1.47348,2.0700,2.8500
27.01.2014 00:08:24.476,1.47549,1.47349,2.8400,1.0700
27.01.2014 00:08:25.918,1.47548,1.47348,2.0400,1.1000
27.01.2014 00:08:27.459,1.47544,1.47344,2.6800,2.0700
27.01.2014 00:08:28.782,1.47544,1.47344,2.8300,1.6100
27.01.2014 00:08:30.251,1.47541,1.47341,1.9300,1.9400
27.01.2014 00:08:31.632,1.47539,1.47339,1.0600,2.8400
27.01.2014 00:08:32.983,1.47539,1.47339,2.2500,2.2200
27.01.2014 00:08:34.304,1.47538,1.47338,2.4600,2.1800
27.01.2014 00:08:35.533,1.47538,1.47338,1.6200,1.7000
27.01.2014 00:08:36.976,1.47543,1.47343,1.4400,2.4500
27.01.2014 00:08:38.454,1.47544,1.47344,1.7000,2.0200
27.01.2014 00:08:40.008,1.47544,1.47344,2.1800,2.4600
27.01.2014 00:08:41.284,1.47544,1.47344,1.5200,2.3500
27.01.2014 00:08:42.703,1.47544,1.47344,1.2300,1.6400
27.01.2014 00:08:44.186,1.47545,1.47345,2.3600,1.3900
27.01.2014 00:08:45.547,1.47545,1.47345,1.4300,2.4700
27.01.2014 00:08:46.901,1.47546,1.47346,1.3800,1.1000
27.01.2014 00:08:48.222,1.47543,1.47343,1.8500,1.3800
27.01.2014 00:08:49.757,1.47546,1.47346,2.4000,2.0200
27.01.2014 00:08:51.460,1.47543,1.47343,1.1800,2.2500
27.01.2014 00:08:53.033,1.47538,1.47338,1.7300,1.7100
27.01.2014 00:08:54.368,1.47538,1.47338,1.1500,1.6800
27.01.2014 00:08:55.705,1.47538,1.47338,1.6500,2.4000
27.01.2014 00:08:57.034,1.47540,1.47340,2.2200,1.0700
27.01.2014 00:08:58.417,1.47539,1.47339,2.8100,2.7700
27.01.2014 00:08:59.774,1.47538,1.47338,1.0800,2.4600
27.01.2014 00:09:01.217,1.47538,1.47338,1.6700,1.8900
27.01.2014 00:09:02.894,1.47537,1.47337,1.6400,2.0200
27.01.2014 00:09:04.252,1.47538,1.47338,1.4600,2.4500
27.01.2014 00:09:05.580,1.47537,1.47337,2.2400,2.0900
27.01.2014 00:09:06.829,1.47536,1.47336,1.3500,1.8800
27.01.2014 00:09:08.032,1.47537,1.47337,1.7900,2.2700
27.01.2014 00:09:09.436,1.47536,1.47336,1.6800,1.6700
27.01.2014 00:09:10.942,1.47541,1.47341,2.1700,1.4200
27.01.2014 00:09:12.408,1.47543,1.47343,1.1600,2.7900
27.01.2014 00:09:13.716,1.47545,1.47345,1.8100,1.4900
27.01.2014 00:09:15.124,1.47546,1.47346,2.0900,2.0700
27.01.2014 00:09:16.442,1.47546,1.47346,1.1500,2.2300
27.01.2014 00:09:17.780,1.47546,1.47346,1.8300,1.0900
27.01.2014 00:09:18.982,1.47546,1.47346,1.6200,2.7700
27.01.2014 00:09:20.331,1.47543,1.47343,1.1600,1.8700
27.01.2014 00:09:21.828,1.47539,1.47339,2.6500,2.2200
27.01.2014 00:09:23.280,1.47537,1.47337,1.9700,2.3400
27.01.2014 00:09:24.632,1.47539,1.47339,1.3100,1.6700
27.01.2014 00:09:25.950,1.47538,1.47338,2.9000,1.4800
27.01.2014 00:09:27.393,1.47531,1.47331,2.8800,1.7600
27.01.2014 00:09:28.766,1.47530,1.47330,1.3300,1.0900
27.01.2014 00:09:30.234,1.47531,1.47331,2.1400,2.7500
27.01.2014 00:09:31.729,1.47529,1.47329,2.0300,2.3700
27.01.2014 00:09:32.970,1.47532,1.47332,1.5400,1.5600
27.01.2014 00:09:34.399,1.47529,1.47329,2.8800,2.5400
27.01.2014 00:09:35.695,1.47532,1.47332,1.0900,1.8600
27.01.2014 00:09:37.210,1.47532,1.47332,2.1000,1.5900
27.01.2014 00:09:38.626,1.47532,1.47332,1.6500,1.3900
27.01.2014 00:09:39.990,1.47533,1.47333,2.9400,2.4000
27.01.2014 00:09:41.331,1.47536,1.47336,2.5600,1.4000
27.01.2014 00:09:42.709,1.47537,1.47337,2.7500,2.8900
27.01.2014 00:09:43.919,1.47537,1.47337,2.7200,2.8000
27.01.2014 00:09:45.200,1.47537,1.47337,1.2000,2.6600
27.01.2014 00:09:46.502,1.47538,1.47338,2.3500,1.4400
27.01.2014 00:09:47.918,1.47538,1.47338,2.5200,1.6200
27.01.2014 00:09:49.320,1.47539,1.47339,1.9500,2.8700
27.01.2014 00:09:50.641,1.47539,1.47339,1.4600,2.0400
27.01.2014 00:09:52.017,1.47540,1.47340,1.0200,1.0800
27.01.2014 00:09:53.425,1.47538,1.47338,2.1100,1.8400
27.01.2014 00:09:54.826,1.47538,1.47338,2.9600,1.4500
27.01.2014 00:09:56.228,1.47535,1.47335,2.5100,2.3700
27.01.2014 00:09:57.496,1.47534,1.47334,1.5700,2.2300
27.01.2014 00:09:58.807,1.47534,1.47334,1.1900,1.0900
27.01.2014 00:10:00.275,1.47535,1.47335,2.4500,1.5400
27.01.2014 00:10:01.650,1.47533,1.47333,1.9500,2.9000
27.01.2014 00:10:02.985,1.47534,1.47334,1.1800,2.8300
27.01.2014 00:10:04.357,1.47536,1.47336,1.6400,2.5500
27.01.2014 00:10:05.615,1.47537,1.47337,2.8900,1.3100
27.01.2014 00:10:07.234,1.47536,1.47336,1.7000,2.5500
27.01.2014 00:10:08.570,1.47536,1.47336,1.8300,1.8900
27.01.2014 00:10:09.777,1.47539,1.47339,2.4100,2.8900
27.01.2014 00:10:11.305,1.47537,1.47337,2.2400,1.4500
27.01.2014 00:10:12.714,1.47539,1.47339,2.1100,2.4600
27.01.2014 00:10:14.160,1.47540,1.47340,1.8400,1.1600
27.01.2014 00:10:15.535,1.47541,1.47341,1.8800,2.5400
27.01.2014 00:10:16.916,1.47539,1.47339,2.6700,1.8900
27.01.2014 00:10:18.356,1.47542,1.47342,1.1100,1.5500
27.01.2014 00:10:19.696,1.47544,1.47344,1.7300,2.3200
27.01.2014 00:10:21.000,1.47544,1.47344,2.4400,2.0000
27.01.2014 00:10:22.485,1.47540,1.47340,1.8900,1.0500
27.01.2014 00:10:23.947,1.47540,1.47340,1.9300,1.4300
27.01.2014 00:10:25.335,1.47541,1.47341,1.7400,2.3500
27.01.2014 00:10:26.805,1.47544,1.47344,1.3400,1.9200
27.01.2014 00:10:28.078,1.47545,1.47345,2.2900,1.8800
27.01.2014 00:10:29.479,1.47543,1.47343,1.1000,1.7600
27.01.2014 00:10:30.821,1.47545,1.47345,2.4800,1.5700
27.01.2014 00:10:32.205,1.47545,1.47345,2.5900,2.0900
27.01.2014 00:10:33.576,1.47545,1.47345,1.0300,2.4100
27.01.2014 00:10:34.978,1.47544,1.47344,2.2100,1.4800
27.01.2014 00:10:36.377,1.47543,1.47343,1.3200,2.1500
27.01.2014 00:10:37.734,1.47546,1.47346,2.5200,1.7700
27.01.2014 00:10:39.404,1.47546,1.47346,1.9000,2.4600
27.01.2014 00:10:40.913,1.47546,1.47346,2.4300,1.2000
27.01.2014 00:10:42.315,1.47549,1.47349,1.0900,2.3600
27.01.2014 00:10:43.892,1.47548,1.47348,2.5400,2.3900
27.01.2014 00:10:45.326,1.47549,1.47349,1.3900,2.2800
27.01.2014 00:10:46.650,1.47549,1.47349,2.8200,2.4600
27.01.2014 00:10:48.069,1.47550,1.47350,2.4300,2.9600
27.01.2014 00:10:49.244,1.47550,1.47350,1.5900,1.1700
27.01.2014 00:10:50.656,1.47550,1.47350,2.9500,1.9600
27.01.2014 00:10:51.988,1.47550,1.47350,1.4800,2.1200
27.01.2014 00:10:53.320,1.47552,1.47352,1.9200,1.1600
27.01.2014 00:10:54.694,1.47554,1.47354,2.8300,2.4200
27.01.2014 00:10:55.973,1.47553,1.47353,2.8000,2.4300
27.01.2014 00:10:57.452,1.47551,1.47351,2.2600,2.5100
27.01.2014 00:10:58.786,1.47549,1.47349,2.5300,1.7800
27.01.2014 00:11:00.190,1.47550,1.47350,1.0100,2.1500
27.01.2014 00:11:01.690,1.47549,1.47349,1.7700,1.3900
27.01.2014 00:11:03.168,1.47548,1.47348,2.3700,1.5000
27.01.2014 00:11:04.436,1.47548,1.47348,1.3600,1.7400
27.01.2014 00:11:05.804,1.47547,1.47347,2.5900,1.9700
27.01.2014 00:11:07.121,1.47547,1.47347,2.0600,2.9100
27.01.2014 00:11:08.306,1.47545,1.47345,2.6000,1.4700
27.01.2014 00:11:09.850,1.47547,1.47347,2.2600,1.8200
27.01.2014 00:11:11.304,1.47545,1.47345,2.1300,2.0800
27.01.2014 00:11:12.566,1.47546,1.47346,2.1900,2.0600
27.01.2014 00:11:13.901,1.47548,1.47348,1.9000,1.7700
27.01.2014 00:11:15.359,1.47545,1.47345,2.4900,1.8800
27.01.2014 00:11:16.640,1.47544,1.47344,1.2700,2.0900
27.01.2014 00:11:18.004,1.47544,1.47344,1.1300,2.7100
27.01.2014 00:11:19.439,1.47543,1.47343,1.9400,1.2700
27.01.2014 00:11:20.721,1.47544,1.47344,1.3900,2.6700
27.01.2014 00:11:22.120,1.47544,1.47344,2.3600,2.3100
27.01.2014 00:11:23.582,1.47545,1.47345,1.7500,2.8000
27.01.2014 00:11:25.031,1.47548,1.47348,2.1800,2.3300
27.01.2014 00:11:26.424,1.47549,1.47349,1.6200,1.1200
27.01.2014 00:11:27.502,1.47551,1.47351,1.4300,2.7200
27.01.2014 00:11:28.993,1.47546,1.47346,2.9600,2.9700
27.01.2014 00:11:30.443,1.47541,1.47341,1.2100,2.5200
27.01.2014 00:11:31.723,1.47542,1.47342,1.1400,2.1800
27.01.2014 00:11:33.150,1.47541,1.47341,2.4500,1.7500
27.01.2014 00:11:34.601,1.47543,1.47343,2.1000,2.8400
27.01.2014 00:11:36.118,1.47543,1.47343,2.5100,1.0300
27.01.2014 00:11:37.438,1.47543,1.47343,1.4900,1.0200
27.01.2014 00:11:38.846,1.47545,1.47345,1.4800,2.6200
27.01.2014 00:11:40.249,1.47544,1.47344,2.1000,1.8300
27.01.2014 00:11:41.588,1.47546,1.47346,2.9000,2.5800
27.01.2014 00:11:42.990,1.47545,1.47345,1.2700,2.8700
27.01.2014 00:11:44.418,1.47544,1.47344,2.8400,1.8800
27.01.2014 00:11:45.686,1.47544,1.47344,1.0400,2.3100
27.01.2014 00:11:46.994,1.47544,1.47344,1.8100,1.1100
27.01.2014 00:11:48.298,1.47544,1.47344,1.9100,2.4000
27.01.2014 00:11:49.669,1.47546,1.47346,2.7900,1.2100
27.01.2014 00:11:51.098,1.47544,1.47344,1.8200,1.3000
27.01.2014 00:11:52.443,1.47545,1.47345,1.0500,2.4000
27.01.2014 00:11:53.976,1.47545,1.47345,1.3500,1.6800
27.01.2014 00:11:55.480,1.47544,1.47344,1.6900,1.0800
27.01.2014 00:11:56.812,1.47543,1.47343,1.0400,2.3000
27.01.2014 00:11:58.306,1.47544,1.47344,1.6900,1.0700
27.01.2014 00:11:59.888,1.47544,1.47344,2.5400,1.7400
27.01.2014 00:12:01.299,1.47543,1.47343,1.4200,1.6800
27.01.2014 00:12:02.567,1.47545,1.47345,2.3800,1.2900
27.01.2014 00:12:03.853,1.47543,1.47343,2.5900,1.4100
27.01.2014 00:12:05.246,1.47541,1.47341,2.0900,2.9600
27.01.2014 00:12:06.453,1.47541,1.47341,2.9000,1.1400
27.01.2014 00:12:07.942,1.47543,1.47343,2.6500,1.4100
27.01.2014 00:12:09.187,1.47541,1.47341,2.6400,2.0900
27.01.2014 00:12:10.532,1.47537,1.47337,1.9600,1.2300
27.01.2014 00:12:11.903,1.47536,1.47336,1.6900,2.9200
27.01.2014 00:12:13.187,1.47538,1.47338,1.6500,2.6200
27.01.2014 00:12:14.752,1.47539,1.47339,1.7800,2.3000
27.01.2014 00:12:16.176,1.47541,1.47341,2.6300,2.6100
27.01.2014 00:12:17.475,1.47539,1.47339,2.4700,2.2200
27.01.2014 00:12:19.091,1.47539,1.47339,2.6400,1.1600
27.01.2014 00:12:20.576,1.47540,1.47340,2.3000,2.0800
27.01.2014 00:12:22.040,1.47541,1.47341,2.3000,2.9400
27.01.2014 00:12:23.560,1.47541,1.47341,1.1500,1.7600
27.01.2014 00:12:25.002,1.47540,1.47340,2.2300,2.1000
27.01.2014 00:12:26.394,1.47540,1.47340,2.7200,1.6100
27.01.2014 00:12:27.725,1.47537,1.47337,1.0800,1.9900
27.01.2014 00:12:29.132,1.47538,1.47338,1.9700,1.1800
27.01.2014 00:12:30.407,1.47536,1.47336,1.8700,1.5800
27.01.2014 00:12:31.843,1.47537,1.47337,1.9400,2.3200
27.01.2014 00:12:33.229,1.47535,1.47335,2.3300,2.9500
27.01.2014 00:12:34.726,1.47533,1.47333,2.9100,1.3200
27.01.2014 00:12:36.040,1.47535,1.47335,1.8100,2.1000
27.01.2014 00:12:37.480,1.47534,1.47334,2.1500,2.7300
27.01.2014 00:12:38.852,1.47534,1.47334,1.4300,1.6600
27.01.2014 00:12:40.263,1.47534,1.47334,2.3100,1.8000
27.01.2014 00:12:41.513,1.47531,1.47331,2.9600,2.4500
27.01.2014 00:12:42.797,1.47530,1.47330,1.8700,2.6800
27.01.2014 00:12:44.054,1.47533,1.47333,1.9900,2.9100
27.01.2014 00:12:45.464,1.47533,1.47333,2.1200,2.1200
27.01.2014 00:12:46.710,1.47534,1.47334,1.8200,1.4600
27.01.2014 00:12:48.012,1.47535,1.47335,2.7400,1.5900
27.01.2014 00:12:49.433,1.47535,1.47335,2.7000,2.8500
27.01.2014 00:12:50.824,1.47536,1.47336,2.7800,2.6100
27.01.2014 00:12:52.219,1.47536,1.47336,2.4400,2.5000
27.01.2014 00:12:53.667,1.47534,1.47334,1.5800,2.7800
27.01.2014 00:12:55.150,1.47534,1.47334,2.1900,2.6900
27.01.2014 00:12:56.581,1.47534,1.47334,2.2000,2.9900
27.01.2014 00:12:58.227,1.47536,1.47336,2.2600,2.6200
27.01.2014 00:12:59.629,1.47536,1.47336,2.1200,1.1100
27.01.2014 00:13:00.972,1.47537,1.47337,1.3600,1.2000
27.01.2014 00:13:02.368,1.47539,1.47339,1.9200,2.9200
27.01.2014 00:13:03.600,1.47537,1.47337,1.9500,1.5300
27.01.2014 00:13:05.072,1.47539,1.47339,1.9800,2.8900
27.01.2014 00:13:06.600,1.47538,1.47338,2.7800,1.2100
27.01.2014 00:13:08.020,1.47537,1.47337,2.8000,1.2100
27.01.2014 00:13:09.552,1.47538,1.47338,2.6100,1.3600
27.01.2014 00:13:11.047,1.47537,1.47337,1.3800,2.2500
27.01.2014 00:13:12.338,1.47536,1.47336,1.6300,1.3300
27.01.2014 00:13:13.618,1.47539,1.47339,2.1500,2.1300
27.01.2014 00:13:15.134,1.47538,1.47338,1.7600,1.2800
27.01.2014 00:13:16.563,1.47538,1.47338,2.1900,1.6900
27.01.2014 00:13:17.860,1.47537,1.47337,1.6000,1.1600
27.01.2014 00:13:19.325,1.47536,1.47336,1.4300,1.5800
27.01.2014 00:13:20.596,1.47534,1.47334,2.6700,2.3800
27.01.2014 00:13:22.142,1.47534,1.47334,1.1000,1.5000
27.01.2014 00:13:23.535,1.47536,1.47336,1.0000,2.1800
27.01.2014 00:13:25.058,1.47532,1.47332,2.6500,1.5600
27.01.2014 00:13:26.399,1.47534,1.47334,2.2900,2.0500
27.01.2014 00:13:27.499,1.47535,1.47335,1.7500,2.9500
27.01.2014 00:13:28.893,1.47534,1.47334,1.0700,1.6100
27.01.2014 00:13:30.384,1.47535,1.47335,2.6100,2.5000
27.01.2014 00:13:31.548,1.47533,1.47333,1.2000,1.8100
27.01.2014 00:13:33.100,1.47533,1.47333,1.3200,1.0600
27.01.2014 00:13:34.585,1.47532,1.47332,1.2100,1.6000
27.01.2014 00:13:36.066,1.47534,1.47334,1.9400,1.5800
27.01.2014 00:13:37.508,1.47534,1.47334,1.3500,2.5200
27.01.2014 00:13:38.946,1.47534,1.47334,2.4400,2.3000
27.01.2014 00:13:40.232,1.47531,1.47331,2.4100,2.5200
27.01.2014 00:13:41.739,1.47533,1.47333,2.6100,1.2300
27.01.2014 00:13:43.175,1.47533,1.47333,1.9200,1.6300
27.01.2014 00:13:44.679,1.47531,1.47331,1.9100,2.4700
27.01.2014 00:13:46.157,1.47532,1.47332,2.0000,2.8200
27.01.2014 00:13:47.773,1.47531,1.47331,1.3900,2.8100
27.01.2014 00:13:49.228,1.47527,1.47327,2.2600,2.9100
27.01.2014 00:13:50.545,1.47526,1.47326,2.3600,1.2000
27.01.2014 00:13:51.886,1.47526,1.47326,1.5800,1.9600
27.01.2014 00:13:53.329,1.47527,1.47327,2.0300,2.3900
27.01.2014 00:13:54.648,1.47530,1.47330,1.8100,1.5400
27.01.2014 00:13:56.133,1.47531,1.47331,1.9500,1.5100
27.01.2014 00:13:57.531,1.47533,1.47333,2.4400,2.5000
27.01.2014 00:13:58.984,1.47530,1.47330,1.6700,1.0500
27.01.2014 00:14:00.456,1.47529,1.47329,1.4600,1.3700
27.01.2014 00:14:01.906,1.47529,1.47329,2.0800,1.8100
27.01.2014 00:14:03.238,1.47529,1.47329,2.4300,1.5700
27.01.2014 00:14:04.606,1.47529,1.47329,2.3600,2.9600
27.01.2014 00:14:05.968,1.47530,1.47330,2.2400,1.7500
27.01.2014 00:14:07.448,1.47530,1.47330,2.9700,2.2800
27.01.2014 00:14:08.879,1.47529,1.47329,1.4000,2.9600
27.01.2014 00:14:10.183,1.47530,1.47330,1.6900,2.8500
27.01.2014 00:14:11.533,1.47532,1.47332,2.9600,2.3600
27.01.2014 00:14:12.909,1.47532,1.47332,2.0300,1.4800
27.01.2014 00:14:14.206,1.47533,1.47333,1.3500,1.1500
27.01.2014 00:14:15.407,1.47532,1.47332,1.6800,2.0400
27.01.2014 00:14:16.987,1.47531,1.47331,1.8000,2.4100
27.01.2014 00:14:18.334,1.47530,1.47330,2.3600,2.5600
27.01.2014 00:14:19.759,1.47530,1.47330,2.1100,2.6700
27.01.2014 00:14:21.243,1.47531,1.47331,2.9500,1.2400
27.01.2014 00:14:22.567,1.47531,1.47331,2.4600,2.8000
27.01.2014 00:14:24.011,1.47531,1.47331,1.0700,1.3200
27.01.2014 00:14:25.350,1.47531,1.47331,2.3400,2.3500
27.01.2014 00:14:26.795,1.47530,1.47330,1.0500,3.0000
27.01.2014 00:14:28.295,1.47533,1.47333,2.3200,2.9900
27.01.2014 00:14:29.562,1.47532,1.47332,2.3100,2.3400
27.01.2014 00:14:30.956,1.47534,1.47334,1.6000,2.8900
27.01.2014 00:14:32.324,1.47533,1.47333,2.7500,1.3100
27.01.2014 00:14:33.683,1.47533,1.47333,1.2500,2.4700
27.01.2014 00:14:35.010,1.47533,1.47333,2.0900,1.9400
27.01.2014 00:14:36.432,1.47534,1.47334,1.0700,2.3900
27.01.2014 00:14:37.892,1.47534,1.47334,1.6400,2.5900
27.01.2014 00:14:39.354,1.47533,1.47333,1.2200,1.3100
27.01.2014 00:14:40.742,1.47535,1.47335,1.2300,1.9500
27.01.2014 00:14:42.091,1.47533,1.47333,1.9300,1.7300
27.01.2014 00:14:43.297,1.47533,1.47333,1.7400,2.2500
27.01.2014 00:14:44.667,1.47534,1.47334,1.6500,1.8700
27.01.2014 00:14:45.967,1.47532,1.47332,1.4600,1.7100
27.01.2014 00:14:47.393,1.47531,1.47331,2.4200,1.2700
27.01.2014 00:14:48.676,1.47532,1.47332,1.5900,1.8900
27.01.2014 00:14:49.794,1.47532,1.47332,1.7800,1.7500
27.01.2014 00:14:51.043,1.47531,1.47331,1.8700,2.4600
27.01.2014 00:14:52.476,1.47533,1.47333,2.7800,2.8800
27.01.2014 00:14:53.900,1.47531,1.47331,1.1600,1.4500
27.01.2014 00:14:55.299,1.47529,1.47329,2.2200,2.4000
27.01.2014 00:14:56.796,1.47531,1.47331,2.3400,1.8200
27.01.2014 00:14:58.159,1.47532,1.47332,2.4400,2.2800
27.01.2014 00:14:59.468,1.47531,1.47331,2.9600,2.1900
27.01.2014 00:15:00.738,1.47526,1.47326,1.4900,2.5000
27.01.2014 00:15:02.062,1.47525,1.47325,2.9300,2.6300
27.01.2014 00:15:03.600,1.47524,1.47324,2.3200,1.4300
27.01.2014 00:15:04.921,1.47524,1.47324,1.7800,2.7400
27.01.2014 00:15:06.471,1.47524,1.47324,1.5700,1.6000
27.01.2014 00:15:07.874,1.47524,1.47324,1.7100,1.6500
27.01.2014 00:15:09.197,1.47523,1.47323,2.0200,2.8900
27.01.2014 00:15:10.582,1.47523,1.47323,2.6100,1.4700
27.01.2014 00:15:11.993,1.47520,1.47320,1.7100,1.9700
27.01.2014 00:15:13.450,1.47518,1.47318,1.9800,1.1600
27.01.2014 00:15:14.713,1.47520,1.47320,1.2700,2.3400
27.01.2014 00:15:16.127,1.47520,1.47320,2.9000,1.9500
27.01.2014 00:15:17.416,1.47520,1.47320,1.5000,1.9700
27.01.2014 00:15:18.820,1.47518,1.47318,2.0800,1.8400
27.01.2014 00:15:20.250,1.47517,1.47317,1.5200,2.3000
27.01.2014 00:15:21.834,1.47516,1.47316,1.6600,1.5200
27.01.2014 00:15:23.256,1.47517,1.47317,2.6800,2.5100
27.01.2014 00:15:24.549,1.47516,1.47316,2.2800,2.6700
27.01.2014 00:15:25.902,1.47519,1.47319,1.5300,1.2400
27.01.2014 00:15:27.400,1.47520,1.47320,2.6300,2.7900
27.01.2014 00:15:28.658,1.47520,1.47320,2.8200,1.3800
27.01.2014 00:15:30.044,1.47521,1.47321,1.9300,1.0100
27.01.2014 00:15:31.398,1.47523,1.47323,2.7800,1.3500
27.01.2014 00:15:32.803,1.47524,1.47324,2.7300,2.3600
27.01.2014 00:15:34.355,1.47522,1.47322,1.9200,2.3200
27.01.2014 00:15:35.808,1.47524,1.47324,2.3900,2.7900
27.01.2014 00:15:37.197,1.47523,1.47323,2.6200,1.8300
27.01.2014 00:15:38.484,1.47526,1.47326,2.7000,1.9100
27.01.2014 00:15:39.857,1.47526,1.47326,2.2800,2.1600
27.01.2014 00:15:41.282,1.47525,1.47325,2.2100,2.5100
27.01.2014 00:15:42.733,1.47524,1.47324,2.1100,1.1500
27.01.2014 00:15:44.315,1.47523,1.47323,2.6900,1.9100
27.01.2014 00:15:45.647,1.47522,1.47322,2.6700,2.9200
27.01.2014 00:15:46.982,1.47524,1.47324,1.6400,1.8100
27.01.2014 00:15:48.225,1.47524,1.47324,1.7700,2.3200
27.01.2014 00:15:49.727,1.47524,1.47324,1.2300,2.4600
27.01.2014 00:15:51.121,1.47524,1.47324,2.2000,2.2900
27.01.2014 00:15:52.643,1.47526,1.47326,2.5000,2.5700
27.01.2014 00:15:54.063,1.47524,1.47324,1.6400,1.3200
27.01.2014 00:15:55.711,1.47525,1.47325,1.9900,2.8800
27.01.2014 00:15:57.205,1.47526,1.47326,1.5700,2.7900
27.01.2014 00:15:58.563,1.47524,1.47324,2.9700,1.3200
27.01.2014 00:15:59.911,1.47523,1.47323,2.1700,1.2100
27.01.2014 00:16:01.361,1.47522,1.47322,1.8100,2.8600
27.01.2014 00:16:02.721,1.47521,1.47321,1.2100,2.2500
27.01.2014 00:16:04.128,1.47524,1.47324,2.7400,2.3300
27.01.2014 00:16:05.562,1.47524,1.47324,2.1200,1.6700
27.01.2014 00:16:06.948,1.47525,1.47325,2.2100,2.4800
27.01.2014 00:16:08.273,1.47524,1.47324,2.8000,2.0100
27.01.2014 00:16:09.845,1.47522,1.47322,2.3900,1.7300
27.01.2014 00:16:11.320,1.47521,1.47321,1.1300,1.9600
27.01.2014 00:16:12.993,1.47523,1.47323,2.4200,2.5000
27.01.2014 00:16:14.398,1.47524,1.47324,2.0600,1.3500
27.01.2014 00:16:15.828,1.47525,1.47325,2.9700,2.1200
27.01.2014 00:16:17.248,1.47524,1.47324,1.6200,1.9100
27.01.2014 00:16:18.623,1.47524,1.47324,2.9200,2.3100
27.01.2014 00:16:19.982,1.47521,1.47321,1.8000,2.4000
27.01.2014 00:16:21.408,1.47520,1.47320,1.4000,1.6100
27.01.2014 00:16:22.760,1.47519,1.47319,2.4000,2.9600
27.01.2014 00:16:23.958,1.47520,1.47320,2.0000,1.1300
27.01.2014 00:16:25.328,1.47519,1.47319,2.8200,1.0200
27.01.2014 00:16:26.672,1.47519,1.47319,1.9500,1.1000
27.01.2014 00:16:28.169,1.47518,1.47318,2.5100,1.8000
27.01.2014 00:16:29.424,1.47517,1.47317,2.4700,2.5200
27.01.2014 00:16:30.817,1.47520,1.47320,1.4700,1.7200
27.01.2014 00:16:32.189,1.47518,1.47318,1.7600,1.0300
27.01.2014 00:16:33.637,1.47515,1.47315,2.9200,2.1600
27.01.2014 00:16:34.953,1.47513,1.47313,2.3000,1.1800
27.01.2014 00:16:36.395,1.47514,1.47314,2.3300,2.7500
27.01.2014 00:16:37.820,1.47515,1.47315,2.2300,2.9300
27.01.2014 00:16:39.179,1.47515,1.47315,2.2900,2.4500
27.01.2014 00:16:40.634,1.47515,1.47315,1.5300,1.6900
27.01.2014 00:16:42.025,1.47514,1.47314,1.7400,1.0900
27.01.2014 00:16:43.369,1.47514,1.47314,2.3900,2.0600
27.01.2014 00:16:44.708,1.47514,1.47314,1.6800,1.8400
27.01.2014 00:16:46.068,1.47513,1.47313,1.5400,2.8500
27.01.2014 00:16:47.437,1.47513,1.47313,2.3900,2.6000
27.01.2014 00:16:48.877,1.47513,1.47313,2.4600,2.4400
27.01.2014 00:16:50.256,1.47513,1.47313,2.5800,2.0900
27.01.2014 00:16:51.732,1.47515,1.47315,1.7600,1.9200
27.01.2014 00:16:53.206,1.47515,1.47315,2.4100,2.2600
27.01.2014 00:16:54.524,1.47518,1.47318,2.1200,2.4800
27.01.2014 00:16:55.864,1.47518,1.47318,2.2100,2.7200
27.01.2014 00:16:57.314,1.47519,1.47319,2.9600,1.8400
27.01.2014 00:16:58.791,1.47517,1.47317,1.2700,2.5600
27.01.2014 00:17:00.332,1.47523,1.47323,2.6700,2.6900
27.01.2014 00:17:01.626,1.47520,1.47320,1.7200,1.4300
27.01.2014 00:17:02.956,1.47522,1.47322,1.4500,1.1600
27.01.2014 00:17:04.366,1.47519,1.47319,2.3400,2.9000
27.01.2014 00:17:05.743,1.47520,1.47320,1.2900,2.4600
27.01.2014 00:17:07.231,1.47518,1.47318,2.4800,1.2400
27.01.2014 00:17:08.780,1.47518,1.47318,2.7600,1.5500
27.01.2014 00:17:10.163,1.47517,1.47317,2.9600,1.5700
27.01.2014 00:17:11.536,1.47520,1.47320,1.4500,2.4000
27.01.2014 00:17:12.989,1.47519,1.47319,2.4900,1.3900
27.01.2014 00:17:14.207,1.47518,1.47318,2.6400,2.1600
27.01.2014 00:17:15.662,1.47516,1.47316,1.7300,2.2400
27.01.2014 00:17:17.184,1.47519,1.47319,1.1800,1.3400
27.01.2014 00:17:18.493,1.47519,1.47319,1.5300,2.6900
27.01.2014 00:17:20.061,1.47520,1.47320,2.8200,2.5300
27.01.2014 00:17:21.403,1.47522,1.47322,1.6900,1.4600
27.01.2014 00:17:22.992,1.47521,1.47321,2.0000,2.4500
27.01.2014 00:17:24.373,1.47522,1.47322,2.4100,2.9200
27.01.2014 00:17:25.838,1.47525,1.47325,1.0600,2.7100
27.01.2014 00:17:27.294,1.47526,1.47326,2.7700,1.7200
27.01.2014 00:17:28.681,1.47527,1.47327,2.3800,1.2900
27.01.2014 00:17:30.235,1.47525,1.47325,1.5900,1.1300
27.01.2014 00:17:31.715,1.47525,1.47325,2.0100,1.9000
27.01.2014 00:17:33.172,1.47529,1.47329,2.2000,2.8100
27.01.2014 00:17:34.422,1.47531,1.47331,2.7700,2.4300
27.01.2014 00:17:35.779,1.47531,1.47331,1.6200,2.8900
27.01.2014 00:17:37.269,1.47536,1.47336,2.3500,1.9400
27.01.2014 00:17:38.630,1.47536,1.47336,1.8100,2.2700
27.01.2014 00:17:40.129,1.47537,1.47337,2.3500,1.3000
27.01.2014 00:17:41.499,1.47540,1.47340,2.2700,2.7000
27.01.2014 00:17:42.883,1.47540,1.47340,1.1800,1.5500
27.01.2014 00:17:44.270,1.47540,1.47340,2.0100,2.1600
27.01.2014 00:17:45.650,1.47540,1.47340,1.1600,2.7900
27.01.2014 00:17:47.036,1.47541,1.47341,2.2100,2.0700
27.01.2014 00:17:48.541,1.47541,1.47341,2.0400,1.2000
27.01.2014 00:17:49.847,1.47544,1.47344,1.7700,1.3500
27.01.2014 00:17:51.292,1.47543,1.47343,1.2900,1.8900
27.01.2014 00:17:52.490,1.47544,1.47344,1.4100,1.7900
27.01.2014 00:17:54.089,1.47546,1.47346,1.4300,2.5000
27.01.2014 00:17:55.291,1.47545,1.47345,1.0400,2.8100
27.01.2014 00:17:56.840,1.47550,1.47350,2.8500,1.8600
27.01.2014 00:17:58.333,1.47549,1.47349,2.3700,1.1800
27.01.2014 00:17:59.709,1.47551,1.47351,1.9400,1.8900
27.01.2014 00:18:01.059,1.47551,1.47351,2.0500,1.3900
27.01.2014 00:18:02.421,1.47551,1.47351,1.7000,1.1200
27.01.2014 00:18:03.790,1.47555,1.47355,2.4300,2.4800
27.01.2014 00:18:05.098,1.47554,1.47354,2.7100,1.0100
27.01.2014 00:18:06.455,1.47552,1.47352,2.0600,2.6500
27.01.2014 00:18:07.968,1.47553,1.47353,1.9100,1.7200
27.01.2014 00:18:09.343,1.47553,1.47353,2.0100,1.0800
27.01.2014 00:18:10.805,1.47554,1.47354,2.4100,1.5100
27.01.2014 00:18:12.253,1.47553,1.47353,2.7300,2.9900
27.01.2014 00:18:13.545,1.47552,1.47352,1.0400,2.0200
27.01.2014 00:18:14.954,1.47554,1.47354,1.6800,1.2300
27.01.2014 00:18:16.366,1.47552,1.47352,2.6600,2.9800
27.01.2014 00:18:17.748,1.47555,1.47355,1.0800,2.4700
27.01.2014 00:18:19.187,1.47556,1.47356,1.2700,2.4400
27.01.2014 00:18:20.562,1.47554,1.47354,2.7300,2.2400
27.01.2014 00:18:21.839,1.47553,1.47353,1.1900,1.0100
27.01.2014 00:18:23.162,1.47552,1.47352,1.3900,1.5700
27.01.2014 00:18:24.595,1.47551,1.47351,1.3100,1.1700
27.01.2014 00:18:25.836,1.47549,1.47349,1.1100,2.7700
27.01.2014 00:18:27.291,1.47551,1.47351,1.5000,2.7100
27.01.2014 00:18:28.768,1.47552,1.47352,1.9800,2.1000
27.01.2014 00:18:30.094,1.47551,1.47351,1.5000,2.0000
27.01.2014 00:18:31.531,1.47553,1.47353,1.6300,2.6100
27.01.2014 00:18:32.773,1.47553,1.47353,2.1300,2.1700
27.01.2014 00:18:34.137,1.47554,1.47354,2.0400,2.5100
27.01.2014 00:18:35.663,1.47552,1.47352,2.6700,1.1200
27.01.2014 00:18:37.050,1.47549,1.47349,2.6300,1.9600
27.01.2014 00:18:38.543,1.47550,1.47350,2.8300,1.4000
27.01.2014 00:18:39.915,1.47551,1.47351,2.5800,2.0300
27.01.2014 00:18:41.360,1.47551,1.47351,2.2400,1.8700
27.01.2014 00:18:42.725,1.47549,1.47349,2.6800,2.5700
27.01.2014 00:18:44.098,1.47548,1.47348,2.7200,1.0300
27.01.2014 00:18:45.642,1.47546,1.47346,1.2600,1.8600
27.01.2014 00:18:46.976,1.47545,1.47345,2.9100,1.3100
27.01.2014 00:18:48.235,1.47544,1.47344,2.2700,1.4800
27.01.2014 00:18:49.521,1.47543,1.47343,1.9500,1.0500
27.01.2014 00:18:50.809,1.47542,1.47342,2.9400,2.8600
27.01.2014 00:18:52.066,1.47543,1.47343,2.0500,2.6700
27.01.2014 00:18:53.560,1.47544,1.47344,2.8600,2.5300
27.01.2014 00:18:55.057,1.47546,1.47346,1.9200,2.1800
27.01.2014 00:18:56.563,1.47546,1.47346,1.5300,1.1600
27.01.2014 00:18:57.974,1.47550,1.47350,2.2700,1.5600
27.01.2014 00:18:59.345,1.47550,1.47350,1.0600,2.8900
27.01.2014 00:19:00.636,1.47549,1.47349,2.4300,2.4300
27.01.2014 00:19:02.121,1.47546,1.47346,1.5200,2.2100
27.01.2014 00:19:03.515,1.47547,1.47347,1.8500,2.8800
27.01.2014 00:19:04.822,1.47545,1.47345,1.4900,2.9200
27.01.2014 00:19:06.217,1.47548,1.47348,1.1400,1.0900
27.01.2014 00:19:07.731,1.47549,1.47349,1.7200,1.7600
27.01.2014 00:19:09.131,1.47549,1.47349,2.1200,2.3500
27.01.2014 00:19:10.428,1.47548,1.47348,1.0800,2.2600
27.01.2014 00:19:11.846,1.47549,1.47349,1.9600,1.6000
27.01.2014 00:19:12.990,1.47547,1.47347,2.1300,2.5200
27.01.2014 00:19:14.331,1.47547,1.47347,2.1000,1.2300
27.01.2014 00:19:15.771,1.47550,1.47350,1.7100,1.5100
27.01.2014 00:19:17.041,1.47551,1.47351,1.0200,1.1400
27.01.2014 00:19:18.557,1.47552,1.47352,1.4100,2.5900
27.01.2014 00:19:20.070,1.47553,1.47353,1.8100,2.6000
27.01.2014 00:19:21.561,1.47552,1.47352,2.4100,2.9500
27.01.2014 00:19:22.737,1.47552,1.47352,2.7800,2.9100
27.01.2014 00:19:23.962,1.47557,1.47357,1.9300,2.6800
27.01.2014 00:19:25.232,1.47559,1.47359,1.7600,1.6600
27.01.2014 00:19:26.801,1.47559,1.47359,1.6500,1.9800
27.01.2014 00:19:28.185,1.47558,1.47358,2.0400,2.4300
27.01.2014 00:19:29.668,1.47557,1.47357,2.6000,1.2300
27.01.2014 00:19:31.015,1.47554,1.47354,2.7900,2.7000
27.01.2014 00:19:32.272,1.47555,1.47355,1.7000,1.4900
27.01.2014 00:19:33.667,1.47555,1.47355,1.8500,2.2000
27.01.2014 00:19:35.020,1.47554,1.47354,1.2600,1.1600
27.01.2014 00:19:36.287,1.47554,1.47354,1.6700,2.3000
27.01.2014 00:19:37.799,1.47556,1.47356,1.3000,2.2800
27.01.2014 00:19:39.241,1.47555,1.47355,2.6100,1.9300
27.01.2014 00:19:40.691,1.47558,1.47358,1.8000,1.9200
27.01.2014 00:19:42.087,1.47556,1.47356,2.5700,1.7600
27.01.2014 00:19:43.427,1.47555,1.47355,1.7000,1.0800
27.01.2014 00:19:44.968,1.47557,1.47357,2.4300,1.6900
27.01.2014 00:19:46.418,1.47556,1.47356,1.1700,1.5200
27.01.2014 00:19:47.750,1.47557,1.47357,2.6600,2.7000
27.01.2014 00:19:48.927,1.47559,1.47359,1.5500,1.6700
27.01.2014 00:19:50.218,1.47557,1.47357,1.2800,1.7400
27.01.2014 00:19:51.524,1.47559,1.47359,2.6900,2.7200
27.01.2014 00:19:53.073,1.47557,1.47357,2.5800,1.4000
27.01.2014 00:19:54.424,1.47557,1.47357,2.2700,2.0200
27.01.2014 00:19:55.881,1.47555,1.47355,1.6300,2.5800
27.01.2014 00:19:57.320,1.47557,1.47357,2.6900,2.6300
27.01.2014 00:19:58.739,1.47556,1.47356,2.0500,2.0900
27.01.2014 00:20:00.116,1.47554,1.47354,1.0500,1.7900
27.01.2014 00:20:01.368,1.47553,1.47353,1.3000,2.1200
27.01.2014 00:20:02.821,1.47557,1.47357,2.5200,1.4200
27.01.2014 00:20:04.401,1.47557,1.47357,2.4900,1.4400
27.01.2014 00:20:05.740,1.47556,1.47356,1.5900,2.0900
27.01.2014 00:20:07.203,1.47554,1.47354,2.5500,1.2200
27.01.2014 00:20:08.577,1.47552,1.47352,2.2300,1.8400
27.01.2014 00:20:10.078,1.47553,1.47353,2.5100,1.1400
27.01.2014 00:20:11.518,1.47551,1.47351,1.8400,2.3300
27.01.2014 00:20:12.835,1.47550,1.47350,2.1700,1.4300
27.01.2014 00:20:14.161,1.47547,1.47347,1.2700,2.8800
27.01.2014 00:20:15.647,1.47545,1.47345,2.0000,1.1800
27.01.2014 00:20:16.968,1.47544,1.47344,2.6800,2.5600
27.01.2014 00:20:18.464,1.47543,1.47343,1.2200,2.8600
27.01.2014 00:20:19.910,1.47544,1.47344,2.2300,1.0700
27.01.2014 00:20:21.288,1.47544,1.47344,2.4200,1.3900
27.01.2014 00:20:22.679,1.47544,1.47344,2.0900,2.1300
27.01.2014 00:20:24.122,1.47539,1.47339,1.5400,1.4800
27.01.2014 00:20:25.487,1.47541,1.47341,1.8400,2.8300
27.01.2014 00:20:27.017,1.47542,1.47342,1.0600,1.6600
27.01.2014 00:20:28.388,1.47542,1.47342,2.9300,2.7200
27.01.2014 00:20:29.871,1.47540,1.47340,1.5500,2.0000
27.01.2014 00:20:31.371,1.47544,1.47344,1.5000,2.2500
27.01.2014 00:20:32.551,1.47544,1.47344,1.8500,2.5600
27.01.2014 00:20:33.970,1.47543,1.47343,1.8200,1.6400
27.01.2014 00:20:35.355,1.47543,1.47343,2.6400,1.8200
27.01.2014 00:20:36.694,1.47542,1.47342,1.3700,1.5200
27.01.2014 00:20:38.268,1.47542,1.47342,2.7500,2.2200
27.01.2014 00:20:39.760,1.47543,1.47343,1.5900,1.0800
27.01.2014 00:20:41.209,1.47542,1.47342,2.6300,1.0600
27.01.2014 00:20:42.496,1.47541,1.47341,2.5100,2.3700
27.01.2014 00:20:43.977,1.47544,1.47344,2.8500,1.3200
27.01.2014 00:20:45.352,1.47546,1.47346,2.9300,2.5400
27.01.2014 00:20:46.806,1.47542,1.47342,1.6700,1.5800
27.01.2014 00:20:48.218,1.47544,1.47344,1.4000,1.1500
27.01.2014 00:20:49.654,1.47541,1.47341,2.2200,2.5200
27.01.2014 00:20:51.046,1.47539,1.47339,2.2800,1.6000
27.01.2014 00:20:52.266,1.47540,1.47340,1.5000,1.6700
27.01.2014 00:20:53.821,1.47540,1.47340,1.6700,2.8200
27.01.2014 00:20:55.362,1.47538,1.47338,2.6100,1.1500
27.01.2014 00:20:56.823,1.47539,1.47339,2.4400,1.2400
27.01.2014 00:20:58.195,1.47539,1.47339,2.2400,1.0400
27.01.2014 00:20:59.427,1.47539,1.47339,1.1400,1.0500
27.01.2014 00:21:00.922,1.47538,1.47338,1.8100,1.9600
27.01.2014 00:21:02.139,1.47538,1.47338,2.7400,2.1500
27.01.2014 00:21:03.546,1.47537,1.47337,2.7200,2.2200
27.01.2014 00:21:05.026,1.47536,1.47336,1.6300,1.0600
27.01.2014 00:21:06.305,1.47535,1.47335,2.3300,2.4600
27.01.2014 00:21:07.569,1.47533,1.47333,2.2000,2.2600
27.01.2014 00:21:08.980,1.47532,1.47332,1.8100,1.6800
27.01.2014 00:21:10.246,1.47533,1.47333,2.8900,1.3500
27.01.2014 00:21:11.791,1.47535,1.47335,1.5200,2.0400
27.01.2014 00:21:13.226,1.47536,1.47336,2.5400,2.5800
27.01.2014 00:21:14.583,1.47536,1.47336,1.7700,1.2400
27.01.2014 00:21:15.877,1.47538,1.47338,2.0400,1.1500
27.01.2014 00:21:17.266,1.47538,1.47338,1.7500,2.0100
27.01.2014 00:21:18.796,1.47537,1.47337,1.9900,2.4900
27.01.2014 00:21:20.112,1.47535,1.47335,2.7800,1.9400
27.01.2014 00:21:21.332,1.47536,1.47336,1.8100,2.6000
27.01.2014 00:21:22.648,1.47537,1.47337,2.2000,1.0600
27.01.2014 00:21:24.149,1.47536,1.47336,1.4700,1.3400
27.01.2014 00:21:25.626,1.47535,1.47335,2.2500,2.5000
27.01.2014 00:21:26.962,1.47534,1.47334,1.8800,1.8900
27.01.2014 00:21:28.614,1.47536,1.47336,2.6200,2.8000
27.01.2014 00:21:30.030,1.47538,1.47338,1.7600,2.1200
27.01.2014 00:21:31.464,1.47538,1.47338,1.4900,2.5400
27.01.2014 00:21:32.636,1.47538,1.47338,2.2500,1.6400
27.01.2014 00:21:34.069,1.47537,1.47337,2.8200,1.2600
27.01.2014 00:21:35.345,1.47537,1.47337,1.6400,1.9000
27.01.2014 00:21:36.923,1.47540,1.47340,2.7800,1.9900
27.01.2014 00:21:38.336,1.47540,1.47340,2.1200,1.1800
27.01.2014 00:21:39.705,1.47541,1.47341,2.3900,1.7800
27.01.2014 00:21:41.158,1.47542,1.47342,2.7500,3.0000
27.01.2014 00:21:42.482,1.47543,1.47343,1.5700,2.0700
27.01.2014 00:21:43.869,1.47543,1.47343,2.2600,1.6000
27.01.2014 00:21:45.225,1.47543,1.47343,1.2800,1.0300
27.01.2014 00:21:46.417,1.47545,1.47345,2.6100,2.6600
27.01.2014 00:21:47.890,1.47544,1.47344,2.1200,1.9800
27.01.2014 00:21:49.145,1.47543,1.47343,2.2200,1.2000
27.01.2014 00:21:50.585,1.47543,1.47343,1.5500,2.6300
27.01.2014 00:21:51.958,1.47542,1.47342,2.7300,1.2300
27.01.2014 00:21:53.140,1.47545,1.47345,2.7200,2.2000
27.01.2014 00:21:54.500,1.47545,1.47345,1.3200,1.6800
27.01.2014 00:21:55.883,1.47548,1.47348,1.6700,1.7300
27.01.2014 00:21:57.319,1.47546,1.47346,2.3300,1.7400
27.01.2014 00:21:58.628,1.47546,1.47346,2.4600,2.0200
27.01.2014 00:21:59.877,1.47543,1.47343,1.5600,1.4500
27.01.2014 00:22:01.357,1.47542,1.47342,2.7100,1.0500
27.01.2014 00:22:02.700,1.47543,1.47343,2.9300,1.1700
27.01.2014 00:22:04.159,1.47544,1.47344,2.5400,2.4600
27.01.2014 00:22:05.502,1.47544,1.47344,2.9900,2.5100
27.01.2014 00:22:06.999,1.47543,1.47343,1.1700,2.1400
27.01.2014 00:22:08.458,1.47539,1.47339,1.8100,2.5600
27.01.2014 00:22:09.876,1.47536,1.47336,1.2800,2.7200
27.01.2014 00:22:11.281,1.47536,1.47336,1.7500,1.7300
27.01.2014 00:22:12.760,1.47537,1.47337,1.3500,1.8100
27.01.2014 00:22:14.012,1.47538,1.47338,1.2300,2.3600
27.01.2014 00:22:15.343,1.47540,1.47340,2.9500,1.0600
27.01.2014 00:22:16.733,1.47540,1.47340,2.1500,2.7700
27.01.2014 00:22:18.353,1.47539,1.47339,1.2500,2.3600
27.01.2014 00:22:19.678,1.47536,1.47336,2.0700,1.1200
27.01.2014 00:22:20.979,1.47537,1.47337,1.8800,2.4500
27.01.2014 00:22:22.374,1.47536,1.47336,1.1500,2.1500
27.01.2014 00:22:23.819,1.47535,1.47335,1.2900,2.0700
27.01.2014 00:22:25.241,1.47532,1.47332,2.9100,1.5400
27.01.2014 00:22:26.598,1.47532,1.47332,1.6800,1.0000
27.01.2014 00:22:28.073,1.47535,1.47335,1.9400,2.5500
27.01.2014 00:22:29.422,1.47533,1.47333,1.9500,1.2100
27.01.2014 00:22:30.976,1.47532,1.47332,1.4500,2.0300
27.01.2014 00:22:32.457,1.47534,1.47334,1.1100,2.6600
27.01.2014 00:22:33.857,1.47532,1.47332,1.2700,1.8500
27.01.2014 00:22:35.308,1.47529,1.47329,1.2900,1.1100
27.01.2014 00:22:36.747,1.47529,1.47329,2.9000,2.3400
27.01.2014 00:22:38.137,1.47529,1.47329,1.9000,2.7900
27.01.2014 00:22:39.513,1.47527,1.47327,1.1900,2.9800
27.01.2014 00:22:41.074,1.47526,1.47326,2.6600,1.2200
27.01.2014 00:22:42.518,1.47527,1.47327,1.0800,1.0900
27.01.2014 00:22:43.930,1.47525,1.47325,2.0500,2.6700
27.01.2014 00:22:45.288,1.47527,1.47327,2.2100,2.8800
27.01.2014 00:22:46.731,1.47524,1.47324,2.6500,1.0400
27.01.2014 00:22:48.159,1.47525,1.47325,1.7400,2.2100
27.01.2014 00:22:49.612,1.47524,1.47324,1.0400,2.9000
27.01.2014 00:22:51.082,1.47525,1.47325,1.8200,1.7800
27.01.2014 00:22:52.491,1.47523,1.47323,2.7400,2.2800
27.01.2014 00:22:53.871,1.47525,1.47325,1.9800,2.7000
27.01.2014 00:22:55.162,1.47525,1.47325,2.8000,1.6400
27.01.2014 00:22:56.632,1.47523,1.47323,1.3700,1.6600
27.01.2014 00:22:57.885,1.47523,1.47323,2.0900,2.4200
27.01.2014 00:22:59.342,1.47524,1.47324,1.1300,2.3900
27.01.2014 00:23:00.622,1.47526,1.47326,1.0200,1.7900
27.01.2014 00:23:02.077,1.47528,1.47328,1.6200,1.3800
27.01.2014 00:23:03.486,1.47528,1.47328,1.0700,2.3500
27.01.2014 00:23:05.001,1.47527,1.47327,1.8400,1.0100
27.01.2014 00:23:06.418,1.47527,1.47327,1.1000,2.4100
27.01.2014 00:23:07.864,1.47528,1.47328,1.0900,1.6000
27.01.2014 00:23:09.350,1.47526,1.47326,2.0800,2.2200
27.01.2014 00:23:10.689,1.47523,1.47323,2.0300,2.4900
27.01.2014 00:23:12.173,1.47524,1.47324,2.7800,1.4000
27.01.2014 00:23:13.532,1.47525,1.47325,1.7100,1.5700
27.01.2014 00:23:14.942,1.47526,1.47326,2.0700,2.9000
27.01.2014 00:23:16.404,1.47524,1.47324,2.3800,1.0500
27.01.2014 00:23:17.908,1.47524,1.47324,1.5000,2.4800
27.01.2014 00:23:19.254,1.47523,1.47323,2.9500,1.8300
27.01.2014 00:23:20.547,1.47524,1.47324,2.7300,2.0700
27.01.2014 00:23:22.025,1.47521,1.47321,2.7400,1.7100
27.01.2014 00:23:23.508,1.47518,1.47318,2.6700,2.9000
27.01.2014 00:23:25.019,1.47517,1.47317,2.2800,2.1500
27.01.2014 00:23:26.341,1.47515,1.47315,2.1100,2.3100
27.01.2014 00:23:27.846,1.47515,1.47315,1.8600,1.4500
27.01.2014 00:23:29.264,1.47513,1.47313,2.9500,2.1400
27.01.2014 00:23:30.559,1.47513,1.47313,1.9900,1.1800
27.01.2014 00:23:31.622,1.47512,1.47312,1.4000,2.7100
27.01.2014 00:23:33.049,1.47512,1.47312,1.4200,1.7400
27.01.2014 00:23:34.527,1.47512,1.47312,2.3200,1.1800
27.01.2014 00:23:35.924,1.47512,1.47312,2.9300,2.7700
27.01.2014 00:23:37.260,1.47511,1.47311,1.7400,2.1400
27.01.2014 00:23:38.712,1.47507,1.47307,2.4100,1.4400
27.01.2014 00:23:40.158,1.47506,1.47306,1.2300,1.1400
27.01.2014 00:23:41.603,1.47506,1.47306,2.7300,2.1900
27.01.2014 00:23:43.109,1.47505,1.47305,1.3500,1.8800
27.01.2014 00:23:44.632,1.47503,1.47303,1.8100,1.0800
27.01.2014 00:23:45.985,1.47502,1.47302,2.8600,2.2500
27.01.2014 00:23:47.424,1.47503,1.47303,1.2500,1.2100
27.01.2014 00:23:48.837,1.47503,1.47303,1.2600,2.3800
27.01.2014 00:23:50.216,1.47503,1.47303,2.5100,2.6600
27.01.2014 00:23:51.797,1.47503,1.47303,2.0800,1.9900
27.01.2014 00:23:53.181,1.47501,1.47301,1.4300,1.7100
27.01.2014 00:23:54.712,1.47500,1.47300,1.9900,1.0900
27.01.2014 00:23:56.166,1.47498,1.47298,1.0200,1.1200
27.01.2014 00:23:57.638,1.47495,1.47295,2.5600,2.5000
27.01.2014 00:23:59.002,1.47493,1.47293,2.7600,2.6400
27.01.2014 00:24:00.352,1.47491,1.47291,1.8500,1.9400
27.01.2014 00:24:01.771,1.47490,1.47290,1.1200,2.4800
27.01.2014 00:24:03.152,1.47487,1.47287,2.7400,2.6500
27.01.2014 00:24:04.360,1.47486,1.47286,1.3200,2.6400
27.01.2014 00:24:05.578,1.47485,1.47285,2.1600,1.1700
27.01.2014 00:24:06.829,1.47485,1.47285,2.0700,1.5900
27.01.2014 00:24:08.177,1.47484,1.47284,2.6700,2.4900
27.01.2014 00:24:09.665,1.47481,1.47281,1.8600,2.4200
27.01.2014 00:24:11.049,1.47480,1.47280,2.8600,2.4500
27.01.2014 00:24:12.406,1.47479,1.47279,1.4000,1.4100
27.01.2014 00:24:13.790,1.47481,1.47281,1.5700,2.2100
27.01.2014 00:24:15.086,1.47482,1.47282,2.2100,2.4500
27.01.2014 00:24:16.433,1.47483,1.47283,1.2300,2.4700
27.01.2014 00:24:17.849,1.47487,1.47287,2.7300,2.9200
27.01.2014 00:24:19.103,1.47487,1.47287,2.4400,2.3400
27.01.2014 00:24:20.532,1.47488,1.47288,2.6900,1.9200
27.01.2014 00:24:21.950,1.47490,1.47290,1.9600,1.3900
27.01.2014 00:24:23.424,1.47489,1.47289,2.2700,2.0100
27.01.2014 00:24:24.863,1.47485,1.47285,2.5500,1.0000
27.01.2014 00:24:26.365,1.47485,1.47285,1.6300,1.0200
27.01.2014 00:24:27.824,1.47487,1.47287,1.0900,2.1800
27.01.2014 00:24:29.203,1.47488,1.47288,2.1100,2.3300
27.01.2014 00:24:30.647,1.47490,1.47290,1.3100,1.2000
27.01.2014 00:24:32.043,1.47488,1.47288,1.2300,1.0600
27.01.2014 00:24:33.391,1.47489,1.47289,2.0200,1.2500
27.01.2014 00:24:34.781,1.47492,1.47292,1.0100,1.2300
27.01.2014 00:24:36.208,1.47492,1.47292,2.9900,2.8400
27.01.2014 00:24:37.716,1.47490,1.47290,2.0000,2.9300
27.01.2014 00:24:39.161,1.47486,1.47286,1.9400,1.1800
27.01.2014 00:24:40.495,1.47485,1.47285,2.4300,2.2500
27.01.2014 00:24:41.890,1.47487,1.47287,2.3300,1.7500
27.01.2014 00:24:43.357,1.47486,1.47286,2.1700,1.4500
27.01.2014 00:24:44.942,1.47483,1.47283,1.2200,2.3600
27.01.2014 00:24:46.271,1.47483,1.47283,1.7600,1.8100
27.01.2014 00:24:47.714,1.47484,1.47284,2.0000,2.2700
27.01.2014 00:24:49.288,1.47482,1.47282,2.2000,1.0800
27.01.2014 00:24:50.561,1.47483,1.47283,2.3000,1.2500
27.01.2014 00:24:51.915,1.47484,1.47284,2.8900,2.6100
27.01.2014 00:24:53.375,1.47489,1.47289,1.0900,1.1900
27.01.2014 00:24:54.734,1.47490,1.47290,2.4100,1.3700
27.01.2014 00:24:56.090,1.47491,1.47291,1.6900,2.3500
27.01.2014 00:24:57.551,1.47490,1.47290,2.3400,1.8000
27.01.2014 00:24:58.974,1.47491,1.47291,2.2800,1.9100
27.01.2014 00:25:00.269,1.47492,1.47292,1.1200,2.4300
27.01.2014 00:25:01.726,1.47494,1.47294,1.2000,1.7800
27.01.2014 00:25:03.240,1.47495,1.47295,2.2500,1.4500
27.01.2014 00:25:04.740,1.47493,1.47293,2.6200,2.5400
27.01.2014 00:25:06.219,1.47491,1.47291,1.5000,1.2800
27.01.2014 00:25:07.703,1.47493,1.47293,1.3100,1.1000
27.01.2014 00:25:09.132,1.47495,1.47295,1.7500,2.9400
27.01.2014 00:25:10.363,1.47496,1.47296,1.3900,1.7500
27.01.2014 00:25:11.931,1.47498,1.47298,2.2500,1.6700
27.01.2014 00:25:13.386,1.47498,1.47298,1.8800,1.6100
27.01.2014 00:25:14.642,1.47498,1.47298,1.7400,2.8500
27.01.2014 00:25:15.887,1.47501,1.47301,1.3400,2.2900
27.01.2014 00:25:17.357,1.47502,1.47302,1.4500,2.1100
27.01.2014 00:25:18.714,1.47502,1.47302,2.3300,2.4200
27.01.2014 00:25:20.122,1.47501,1.47301,2.6100,1.4700
27.01.2014 00:25:21.411,1.47500,1.47300,2.2100,1.4100
27.01.2014 00:25:22.936,1.47499,1.47299,1.0900,2.6200
27.01.2014 00:25:24.384,1.47499,1.47299,2.3700,1.6800
27.01.2014 00:25:25.842,1.47499,1.47299,1.5800,2.6100
27.01.2014 00:25:27.375,1.47500,1.47300,2.4200,2.7300
27.01.2014 00:25:28.784,1.47503,1.47303,1.3000,1.1200
27.01.2014 00:25:30.203,1.47505,1.47305,2.2000,1.7200
27.01.2014 00:25:31.604,1.47504,1.47304,2.6700,1.6500
27.01.2014 00:25:32.995,1.47504,1.47304,1.7200,2.1400
27.01.2014 00:25:34.351,1.47503,1.47303,1.4800,2.6700
27.01.2014 00:25:35.782,1.47503,1.47303,1.4500,1.6600
27.01.2014 00:25:37.311,1.47502,1.47302,2.4600,2.3600
27.01.2014 00:25:38.671,1.47503,1.47303,2.9700,2.4500
27.01.2014 00:25:40.108,1.47502,1.47302,2.3400,1.2000
27.01.2014 00:25:41.459,1.47502,1.47302,2.9400,2.7900
27.01.2014 00:25:42.811,1.47501,1.47301,1.2300,1.2600
27.01.2014 00:25:44.207,1.47499,1.47299,2.7600,1.5000
27.01.2014 00:25:45.723,1.47497,1.47297,2.3600,2.6900
27.01.2014 00:25:47.226,1.47498,1.47298,2.6300,2.4600
27.01.2014 00:25:48.659,1.47497,1.47297,2.0600,1.8600
27.01.2014 00:25:50.136,1.47496,1.47296,1.0900,1.3700
27.01.2014 00:25:51.687,1.47496,1.47296,1.8000,1.9000
27.01.2014 00:25:53.109,1.47498,1.47298,1.3400,2.5400
27.01.2014 00:25:54.541,1.47496,1.47296,1.0300,1.2600
27.01.2014 00:25:56.113,1.47495,1.47295,2.1600,1.2600
27.01.2014 00:25:57.502,1.47496,1.47296,1.1000,2.6900
27.01.2014 00:25:58.752,1.47495,1.47295,2.5200,1.5500
27.01.2014 00:26:00.242,1.47492,1.47292,1.0200,2.4800
27.01.2014 00:26:01.658,1.47491,1.47291,2.5300,1.5700
27.01.2014 00:26:03.114,1.47489,1.47289,2.3900,2.6000
27.01.2014 00:26:04.593,1.47487,1.47287,2.0200,1.3100
27.01.2014 00:26:06.033,1.47485,1.47285,1.3500,1.2800
27.01.2014 00:26:07.395,1.47485,1.47285,2.0000,1.3700
27.01.2014 00:26:08.826,1.47488,1.47288,1.1200,1.6100
27.01.2014 00:26:10.233,1.47486,1.47286,1.9700,1.4800
27.01.2014 00:26:11.590,1.47487,1.47287,1.5700,2.3900
27.01.2014 00:26:12.979,1.47486,1.47286,1.7500,2.6000
27.01.2014 00:26:14.418,1.47487,1.47287,1.1800,2.3200
27.01.2014 00:26:15.755,1.47487,1.47287,2.7000,2.8600
27.01.2014 00:26:17.150,1.47486,1.47286,1.3000,2.2000
27.01.2014 00:26:18.575,1.47486,1.47286,1.5900,2.8800
27.01.2014 00:26:19.931,1.47485,1.47285,2.7800,2.2400
27.01.2014 00:26:21.430,1.47486,1.47286,1.1400,1.0200
27.01.2014 00:26:22.959,1.47487,1.47287,1.9000,2.1000
27.01.2014 00:26:24.403,1.47486,1.47286,1.3900,2.2200
27.01.2014 00:26:25.848,1.47487,1.47287,2.0300,1.1900
27.01.2014 00:26:27.306,1.47488,1.47288,2.8900,1.4700
27.01.2014 00:26:28.619,1.47486,1.47286,1.6600,1.2200
27.01.2014 00:26:30.226,1.47487,1.47287,2.0400,2.2800
27.01.2014 00:26:31.394,1.47489,1.47289,1.4400,1.9100
27.01.2014 00:26:32.655,1.47490,1.47290,2.0500,2.3500
27.01.2014 00:26:34.034,1.47488,1.47288,2.3400,1.0400
27.01.2014 00:26:35.296,1.47488,1.47288,2.2600,2.2800
27.01.2014 00:26:36.695,1.47488,1.47288,2.9600,2.7300
27.01.2014 00:26:38.126,1.47490,1.47290,1.9200,1.7600
27.01.2014 00:26:39.507,1.47490,1.47290,1.5300,2.6000
27.01.2014 00:26:40.858,1.47489,1.47289,1.5400,2.7400
27.01.2014 00:26:42.046,1.47488,1.47288,2.6000,3.0000
27.01.2014 00:26:43.377,1.47490,1.47290,1.6800,2.0600
27.01.2014 00:26:44.955,1.47493,1.47293,1.8300,2.6400
27.01.2014 00:26:46.542,1.47494,1.47294,1.2000,2.8900
27.01.2014 00:26:47.981,1.47489,1.47289,2.3900,2.0400
27.01.2014 00:26:49.470,1.47491,1.47291,1.4800,2.1800
27.01.2014 00:26:50.834,1.47492,1.47292,1.1000,1.0200
27.01.2014 00:26:52.298,1.47491,1.47291,1.1700,2.8400
27.01.2014 00:26:53.876,1.47491,1.47291,1.3800,2.9400
27.01.2014 00:26:55.245,1.47492,1.47292,2.6900,2.0000
27.01.2014 00:26:56.693,1.47492,1.47292,1.9000,2.6800
27.01.2014 00:26:58.100,1.47492,1.47292,1.9500,1.2400
27.01.2014 00:26:59.357,1.47493,1.47293,2.6400,1.4200
27.01.2014 00:27:00.742,1.47494,1.47294,2.2000,1.5000
27.01.2014 00:27:02.024,1.47494,1.47294,2.4300,2.0700
27.01.2014 00:27:03.514,1.47493,1.47293,2.8600,1.4400
27.01.2014 00:27:04.826,1.47494,1.47294,1.7400,1.8800
27.01.2014 00:27:06.199,1.47493,1.47293,1.9900,1.0800
27.01.2014 00:27:07.461,1.47495,1.47295,1.4500,2.9700
27.01.2014 00:27:08.741,1.47497,1.47297,2.3500,1.6100
27.01.2014 00:27:10.007,1.47496,1.47296,1.5400,2.1800
27.01.2014 00:27:11.459,1.47493,1.47293,1.8900,2.7300
27.01.2014 00:27:13.137,1.47493,1.47293,2.2700,1.9500
27.01.2014 00:27:14.678,1.47493,1.47293,2.7200,2.2900
27.01.2014 00:27:15.959,1.47493,1.47293,1.6900,1.3900
27.01.2014 00:27:17.423,1.47493,1.47293,1.3900,2.4600
27.01.2014 00:27:19.006,1.47495,1.47295,1.0100,1.8900
27.01.2014 00:27:20.334,1.47494,1.47294,1.2200,2.2900
27.01.2014 00:27:21.694,1.47495,1.47295,2.5900,1.2900
27.01.2014 00:27:23.128,1.47494,1.47294,2.1800,2.2500
27.01.2014 00:27:24.555,1.47494,1.47294,1.8700,1.7700
27.01.2014 00:27:26.029,1.47494,1.47294,1.5900,2.9400
27.01.2014 00:27:27.392,1.47497,1.47297,2.5900,1.2400
27.01.2014 00:27:28.866,1.47498,1.47298,1.5900,1.9900
27.01.2014 00:27:30.292,1.47497,1.47297,2.6900,2.7500
27.01.2014 00:27:31.580,1.47498,1.47298,2.0600,1.3100
27.01.2014 00:27:32.831,1.47497,1.47297,2.1500,2.4500
27.01.2014 00:27:34.062,1.47498,1.47298,1.3400,1.0100
27.01.2014 00:27:35.559,1.47498,1.47298,2.1200,2.6900
27.01.2014 00:27:36.862,1.47499,1.47299,2.1300,1.0800
27.01.2014 00:27:38.295,1.47500,1.47300,2.3200,3.0000
27.01.2014 00:27:39.670,1.47502,1.47302,1.8600,1.4100
27.01.2014 00:27:41.143,1.47500,1.47300,1.3000,1.9500
27.01.2014 00:27:42.622,1.47499,1.47299,2.5500,2.6800
27.01.2014 00:27:44.135,1.47495,1.47295,1.4500,2.8500
27.01.2014 00:27:45.392,1.47496,1.47296,1.7800,2.4000
27.01.2014 00:27:46.840,1.47494,1.47294,2.0400,2.7400
27.01.2014 00:27:48.288,1.47496,1.47296,2.3300,2.3800
27.01.2014 00:27:49.685,1.47497,1.47297,2.1900,2.0300
27.01.2014 00:27:51.182,1.47499,1.47299,2.0200,2.4400
27.01.2014 00:27:52.666,1.47498,1.47298,2.3300,2.2800
27.01.2014 00:27:54.050,1.47499,1.47299,1.7300,2.4800
27.01.2014 00:27:55.427,1.47498,1.47298,1.4600,2.9500
27.01.2014 00:27:56.701,1.47497,1.47297,2.1500,2.9300
27.01.2014 00:27:58.103,1.47495,1.47295,2.1600,1.0100
27.01.2014 00:27:59.635,1.47496,1.47296,1.3300,2.3500
27.01.2014 00:28:01.115,1.47497,1.47297,2.5300,2.3600
27.01.2014 00:28:02.370,1.47495,1.47295,1.2100,1.3100
27.01.2014 00:28:03.792,1.47494,1.47294,2.2500,2.1100
27.01.2014 00:28:05.239,1.47493,1.47293,1.2500,3.0000
27.01.2014 00:28:06.739,1.47491,1.47291,1.5300,1.4200
27.01.2014 00:28:08.058,1.47489,1.47289,2.7900,1.6000
27.01.2014 00:28:09.526,1.47489,1.47289,2.9700,2.0000
27.01.2014 00:28:10.891,1.47488,1.47288,1.1800,1.8700
27.01.2014 00:28:12.330,1.47492,1.47292,1.5200,1.5500
27.01.2014 00:28:13.726,1.47496,1.47296,1.5800,1.7400
27.01.2014 00:28:15.302,1.47495,1.47295,1.4800,1.2700
27.01.2014 00:28:16.653,1.47493,1.47293,1.6000,2.9400
27.01.2014 00:28:18.216,1.47493,1.47293,2.1900,1.8000
27.01.2014 00:28:19.480,1.47494,1.47294,1.1100,1.7700
27.01.2014 00:28:20.859,1.47494,1.47294,1.7500,1.5400
27.01.2014 00:28:22.175,1.47495,1.47295,1.3500,1.6500
27.01.2014 00:28:23.618,1.47496,1.47296,2.5400,1.2200
27.01.2014 00:28:25.050,1.47498,1.47298,1.5300,2.1500
27.01.2014 00:28:26.375,1.47496,1.47296,2.3800,2.9300
27.01.2014 00:28:28.122,1.47495,1.47295,2.0700,2.6100
27.01.2014 00:28:29.404,1.47496,1.47296,1.8200,2.2900
27.01.2014 00:28:30.806,1.47496,1.47296,2.5800,2.4400
27.01.2014 00:28:32.125,1.47495,1.47295,1.2100,1.5600
27.01.2014 00:28:33.492,1.47496,1.47296,1.3700,2.8300
27.01.2014 00:28:35.152,1.47494,1.47294,2.3200,2.2000
27.01.2014 00:28:36.634,1.47494,1.47294,1.9400,1.2700
27.01.2014 00:28:37.956,1.47496,1.47296,2.5700,1.8000
27.01.2014 00:28:39.336,1.47495,1.47295,2.5800,3.0000
27.01.2014 00:28:40.818,1.47496,1.47296,1.5000,2.0200
27.01.2014 00:28:42.292,1.47497,1.47297,2.7400,2.1700
27.01.2014 00:28:43.720,1.47497,1.47297,2.4300,2.7600
27.01.2014 00:28:44.891,1.47498,1.47298,2.7100,1.4800
27.01.2014 00:28:46.199,1.47498,1.47298,2.8100,1.2000
27.01.2014 00:28:47.487,1.47497,1.47297,2.9900,1.5100
27.01.2014 00:28:48.742,1.47501,1.47301,1.0400,2.0000
27.01.2014 00:28:50.105,1.47500,1.47300,2.7100,1.6100
27.01.2014 00:28:51.419,1.47500,1.47300,1.3500,2.7300
27.01.2014 00:28:52.872,1.47501,1.47301,2.8900,2.5400
27.01.2014 00:28:54.396,1.47502,1.47302,1.5000,1.2300
27.01.2014 00:28:55.920,1.47504,1.47304,2.0800,2.7100
27.01.2014 00:28:57.268,1.47503,1.47303,2.5500,2.8900
27.01.2014 00:28:58.667,1.47504,1.47304,1.9100,2.4100
27.01.2014 00:28:59.943,1.47504,1.47304,2.9400,2.4700
27.01.2014 00:29:01.445,1.47500,1.47300,2.4800,1.8200
27.01.2014 00:29:02.963,1.47499,1.47299,2.0900,1.4700
27.01.2014 00:29:04.372,1.47497,1.47297,1.8100,1.6100
27.01.2014 00:29:05.791,1.47495,1.47295,2.3800,2.4500
27.01.2014 00:29:07.190,1.47495,1.47295,1.5800,2.3200
27.01.2014 00:29:08.595,1.47494,1.47294,2.7200,1.3100
27.01.2014 00:29:10.097,1.47492,1.47292,1.9600,1.2000
27.01.2014 00:29:11.487,1.47494,1.47294,2.9900,1.4200
27.01.2014 00:29:12.867,1.47494,1.47294,2.2200,1.9200
27.01.2014 00:29:14.284,1.47492,1.47292,2.6000,2.1600
27.01.2014 00:29:15.719,1.47492,1.47292,2.8300,2.6500
27.01.2014 00:29:17.182,1.47491,1.47291,1.4300,2.0500
27.01.2014 00:29:18.645,1.47490,1.47290,2.9200,1.4100
27.01.2014 00:29:19.989,1.47488,1.47288,1.4100,1.3000
27.01.2014 00:29:21.381,1.47488,1.47288,1.9600,2.8700
27.01.2014 00:29:22.933,1.47488,1.47288,2.7100,2.7800
27.01.2014 00:29:24.539,1.47487,1.47287,2.7800,2.2700
27.01.2014 00:29:25.941,1.47488,1.47288,2.3100,2.4100
27.01.2014 00:29:27.363,1.47488,1.47288,1.8700,1.4800
27.01.2014 00:29:28.610,1.47488,1.47288,1.3400,1.8800
27.01.2014 00:29:30.039,1.47488,1.47288,1.8800,2.4000
27.01.2014 00:29:31.329,1.47486,1.47286,2.3300,1.2700
27.01.2014 00:29:32.708,1.47486,1.47286,2.4100,2.2500
27.01.2014 00:29:34.092,1.47485,1.47285,1.9800,2.1400
27.01.2014 00:29:35.583,1.47486,1.47286,2.6300,1.5400
27.01.2014 00:29:36.995,1.47487,1.47287,1.2200,2.7400
27.01.2014 00:29:38.440,1.47488,1.47288,1.9100,1.4400
27.01.2014 00:29:39.791,1.47488,1.47288,2.6900,2.9100
27.01.2014 00:29:41.350,1.47488,1.47288,1.1200,1.8600
27.01.2014 00:29:42.641,1.47489,1.47289,1.7600,1.8100
27.01.2014 00:29:44.143,1.47486,1.47286,2.8700,1.8700
27.01.2014 00:29:45.464,1.47485,1.47285,2.6300,2.3800
27.01.2014 00:29:46.809,1.47485,1.47285,1.5000,1.9400
27.01.2014 00:29:48.279,1.47482,1.47282,2.0600,1.8800
27.01.2014 00:29:49.409,1.47482,1.47282,2.4800,2.2600
27.01.2014 00:29:50.849,1.47480,1.47280,2.4800,1.6400
27.01.2014 00:29:52.285,1.47480,1.47280,1.6200,2.8800
27.01.2014 00:29:53.644,1.47479,1.47279,1.8500,1.0500
27.01.2014 00:29:54.965,1.47479,1.47279,2.2200,1.4900
27.01.2014 00:29:56.466,1.47481,1.47281,1.1200,1.4600
27.01.2014 00:29:57.951,1.47479,1.47279,1.0200,2.2300
27.01.2014 00:29:59.406,1.47479,1.47279,1.7800,1.7300
27.01.2014 00:30:00.961,1.47482,1.47282,2.4700,1.8200
27.01.2014 00:30:02.284,1.47486,1.47286,2.5200,1.5500
27.01.2014 00:30:03.555,1.47484,1.47284,1.5200,1.0100
27.01.2014 00:30:04.874,1.47483,1.47283,2.4100,2.6400
27.01.2014 00:30:06.077,1.47485,1.47285,2.1000,1.7100
27.01.2014 00:30:07.416,1.47486,1.47286,1.9500,2.6800
27.01.2014 00:30:08.903,1.47487,1.47287,2.5200,2.7400
27.01.2014 00:30:10.261,1.47490,1.47290,1.9200,2.2000
27.01.2014 00:30:11.560,1.47491,1.47291,2.3100,1.2800
27.01.2014 00:30:13.095,1.47492,1.47292,1.2500,2.9100
27.01.2014 00:30:14.493,1.47490,1.47290,2.5500,1.2200
27.01.2014 00:30:16.053,1.47491,1.47291,2.5300,1.6900
27.01.2014 00:30:17.440,1.47494,1.47294,1.9200,2.5200
27.01.2014 00:30:18.834,1.47495,1.47295,2.0400,2.8800
27.01.2014 00:30:20.169,1.47498,1.47298,2.4400,1.6200
27.01.2014 00:30:21.749,1.47500,1.47300,1.7500,2.1400
27.01.2014 00:30:23.032,1.47500,1.47300,1.7700,1.3500
27.01.2014 00:30:24.362,1.47499,1.47299,2.5100,1.7700
27.01.2014 00:30:25.899,1.47499,1.47299,2.5900,1.3300
27.01.2014 00:30:27.404,1.47501,1.47301,2.1300,1.2000
27.01.2014 00:30:28.757,1.47500,1.47300,1.6100,2.2300
27.01.2014 00:30:30.082,1.47501,1.47301,1.6700,2.5900
27.01.2014 00:30:31.298,1.47501,1.47301,2.5500,1.5300
27.01.2014 00:30:32.747,1.47501,1.47301,2.4800,1.1600
27.01.2014 00:30:34.086,1.47503,1.47303,2.1200,1.0500
27.01.2014 00:30:35.462,1.47502,1.47302,1.3400,2.8100
27.01.2014 00:30:36.750,1.47499,1.47299,2.0800,1.4000
27.01.2014 00:30:38.058,1.47498,1.47298,1.6700,2.1800
27.01.2014 00:30:39.472,1.47497,1.47297,2.1800,1.6000
27.01.2014 00:30:40.953,1.47495,1.47295,1.8500,2.9000
27.01.2014 00:30:42.370,1.47496,1.47296,1.4900,1.3500
27.01.2014 00:30:43.889,1.47494,1.47294,1.5200,2.7000
27.01.2014 00:30:45.376,1.47494,1.47294,2.6500,2.9600
27.01.2014 00:30:46.698,1.47493,1.47293,1.3300,1.9200
27.01.2014 00:30:48.085,1.47491,1.47291,1.7900,1.9900
27.01.2014 00:30:49.415,1.47492,1.47292,2.5200,2.1500
27.01.2014 00:30:50.768,1.47491,1.47291,1.2000,1.0600
27.01.2014 00:30:51.961,1.47492,1.47292,1.0400,2.9400
27.01.2014 00:30:53.306,1.47490,1.47290,2.3400,1.5200
27.01.2014 00:30:54.758,1.47487,1.47287,1.6800,1.7100
27.01.2014 00:30:56.136,1.47487,1.47287,2.5200,2.7200
27.01.2014 00:30:57.526,1.47486,1.47286,1.5200,1.4900
27.01.2014 00:30:58.761,1.47485,1.47285,1.9200,1.1500
27.01.2014 00:31:00.242,1.47489,1.47289,1.3900,1.0500
27.01.2014 00:31:01.719,1.47490,1.47290,1.4300,1.0600
27.01.2014 00:31:03.157,1.47494,1.47294,1.3600,2.1200
27.01.2014 00:31:04.598,1.47494,1.47294,2.2000,1.7200
27.01.2014 00:31:06.030,1.47495,1.47295,2.6200,2.3300
27.01.2014 00:31:07.509,1.47496,1.47296,2.9900,2.5400
27.01.2014 00:31:08.892,1.47495,1.47295,2.0500,1.8400
27.01.2014 00:31:10.167,1.47494,1.47294,2.4100,2.9600
27.01.2014 00:31:11.562,1.47493,1.47293,1.1800,2.0900
27.01.2014 00:31:12.905,1.47496,1.47296,2.7800,2.1100
27.01.2014 00:31:14.375,1.47498,1.47298,2.2700,1.9400
27.01.2014 00:31:15.663,1.47502,1.47302,1.6200,2.7500
27.01.2014 00:31:17.139,1.47502,1.47302,2.4300,2.1200
27.01.2014 00:31:18.555,1.47504,1.47304,1.4400,2.8000
27.01.2014 00:31:20.131,1.47507,1.47307,1.8500,2.3200
27.01.2014 00:31:21.692,1.47506,1.47306,1.2000,2.0900
27.01.2014 00:31:23.184,1.47504,1.47304,2.8900,2.3600
27.01.2014 00:31:24.619,1.47504,1.47304,2.1600,2.9000
27.01.2014 00:31:25.998,1.47506,1.47306,1.7000,1.5100
27.01.2014 00:31:27.409,1.47507,1.47307,2.1700,2.6800
27.01.2014 00:31:28.864,1.47512,1.47312,1.4500,1.7300
27.01.2014 00:31:30.322,1.47510,1.47310,1.1000,2.1800
27.01.2014 00:31:31.771,1.47508,1.47308,2.5200,2.4800
27.01.2014 00:31:33.387,1.47509,1.47309,2.1500,1.6700
27.01.2014 00:31:34.860,1.47508,1.47308,2.6400,2.0800
27.01.2014 00:31:36.281,1.47509,1.47309,1.0600,1.6100
27.01.2014 00:31:37.672,1.47506,1.47306,2.8800,1.5500
27.01.2014 00:31:38.951,1.47505,1.47305,2.4800,1.2900
27.01.2014 00:31:40.325,1.47505,1.47305,2.4000,1.4700
27.01.2014 00:31:41.860,1.47508,1.47308,1.0400,2.0800
27.01.2014 00:31:43.373,1.47507,1.47307,2.0800,2.7400
27.01.2014 00:31:44.979,1.47507,1.47307,1.7700,1.5000
27.01.2014 00:31:46.289,1.47504,1.47304,2.5900,2.4600
27.01.2014 00:31:47.709,1.47504,1.47304,2.1100,2.7500
27.01.2014 00:31:49.124,1.47504,1.47304,1.9400,1.0400
27.01.2014 00:31:50.610,1.47502,1.47302,2.6600,1.3600
27.01.2014 00:31:51.995,1.47503,1.47303,1.1200,1.4900
27.01.2014 00:31:53.343,1.47502,1.47302,1.9900,2.2600
27.01.2014 00:31:54.695,1.47501,1.47301,1.1100,2.5300
27.01.2014 00:31:56.105,1.47500,1.47300,1.8200,2.4500
27.01.2014 00:31:57.354,1.47500,1.47300,2.1900,2.6700
27.01.2014 00:31:58.735,1.47500,1.47300,2.0900,1.9000
27.01.2014 00:32:00.046,1.47501,1.47301,1.2100,2.2700
27.01.2014 00:32:01.507,1.47504,1.47304,2.0900,1.1700
27.01.2014 00:32:02.984,1.47504,1.47304,1.2000,1.6100
27.01.2014 00:32:04.321,1.47509,1.47309,2.9800,2.0400
27.01.2014 00:32:05.923,1.47509,1.47309,2.4700,1.6400
27.01.2014 00:32:07.293,1.47508,1.47308,1.6300,2.7500
27.01.2014 00:32:08.506,1.47509,1.47309,1.3800,1.2100
27.01.2014 00:32:09.830,1.47505,1.47305,2.4900,2.9300
27.01.2014 00:32:11.073,1.47505,1.47305,1.2300,1.0500
27.01.2014 00:32:12.604,1.47504,1.47304,2.9800,1.4600
27.01.2014 00:32:14.015,1.47503,1.47303,2.1400,1.0100
27.01.2014 00:32:15.376,1.47503,1.47303,2.5200,2.3200
27.01.2014 00:32:16.914,1.47505,1.47305,2.8700,1.6300
27.01.2014 00:32:18.412,1.47506,1.47306,1.7900,1.2900
27.01.2014 00:32:19.508,1.47503,1.47303,2.9500,1.4800
27.01.2014 00:32:20.833,1.47503,1.47303,2.0600,1.7000
27.01.2014 00:32:22.082,1.47502,1.47302,1.4000,1.6900
27.01.2014 00:32:23.548,1.47503,1.47303,1.5900,2.5700
27.01.2014 00:32:24.961,1.47503,1.47303,2.5300,1.2400
27.01.2014 00:32:26.478,1.47504,1.47304,2.3000,1.6700
27.01.2014 00:32:27.705,1.47504,1.47304,1.9600,1.8900
27.01.2014 00:32:29.068,1.47504,1.47304,2.9700,2.7900
27.01.2014 00:32:30.444,1.47502,1.47302,1.8500,2.3400
27.01.2014 00:32:31.830,1.47500,1.47300,2.7100,1.5000
27.01.2014 00:32:33.235,1.47502,1.47302,1.0100,1.1200
27.01.2014 00:32:34.545,1.47505,1.47305,2.1000,1.6700
27.01.2014 00:32:36.176,1.47504,1.47304,2.4800,2.6900
27.01.2014 00:32:37.555,1.47505,1.47305,1.2400,1.7800
27.01.2014 00:32:38.916,1.47504,1.47304,2.3700,1.8300
27.01.2014 00:32:40.222,1.47504,1.47304,2.3400,1.7500
27.01.2014 00:32:41.676,1.47507,1.47307,1.2600,1.4100
27.01.2014 00:32:43.135,1.47506,1.47306,2.2900,1.8100
27.01.2014 00:32:44.537,1.47504,1.47304,1.3800,2.4400
27.01.2014 00:32:45.967,1.47503,1.47303,1.1900,2.8600
27.01.2014 00:32:47.268,1.47503,1.47303,1.0100,1.9200
27.01.2014 00:32:48.570,1.47503,1.47303,1.6600,1.2200
27.01.2014 00:32:50.035,1.47504,1.47304,1.1400,1.1300
27.01.2014 00:32:51.485,1.47503,1.47303,2.5600,1.8700
27.01.2014 00:32:52.937,1.47501,1.47301,1.6900,1.8900
27.01.2014 00:32:54.561,1.47500,1.47300,2.8700,1.9600
27.01.2014 00:32:56.075,1.47502,1.47302,2.5000,1.8000
27.01.2014 00:32:57.289,1.47506,1.47306,2.5500,2.7900
27.01.2014 00:32:58.788,1.47507,1.47307,1.2900,2.2400
27.01.2014 00:33:00.106,1.47509,1.47309,1.8100,2.9300
27.01.2014 00:33:01.443,1.47507,1.47307,2.7500,2.9300
27.01.2014 00:33:02.857,1.47511,1.47311,1.7400,2.2200
27.01.2014 00:33:04.184,1.47511,1.47311,2.7500,1.4300
27.01.2014 00:33:05.507,1.47511,1.47311,1.7800,1.3200
27.01.2014 00:33:06.952,1.47512,1.47312,1.0600,2.9900
27.01.2014 00:33:08.331,1.47511,1.47311,2.3700,2.4800
27.01.2014 00:33:09.816,1.47510,1.47310,2.8600,1.8200
27.01.2014 00:33:11.230,1.47511,1.47311,2.9800,1.7800
27.01.2014 00:33:12.682,1.47512,1.47312,1.8700,1.4600
27.01.2014 00:33:14.237,1.47510,1.47310,1.3400,1.3600
27.01.2014 00:33:15.474,1.47512,1.47312,1.3500,1.9500
27.01.2014 00:33:16.924,1.47511,1.47311,1.2100,2.1600
27.01.2014 00:33:18.283,1.47510,1.47310,2.4700,2.5000
27.01.2014 00:33:19.749,1.47509,1.47309,1.9700,2.1600
27.01.2014 00:33:21.238,1.47509,1.47309,2.4700,2.8500
27.01.2014 00:33:22.577,1.47508,1.47308,2.7600,1.9200
27.01.2014 00:33:24.231,1.47505,1.47305,2.3000,1.5800
27.01.2014 00:33:25.599,1.47506,1.47306,2.6200,2.6100
27.01.2014 00:33:26.965,1.47504,1.47304,1.3500,1.2200
27.01.2014 00:33:28.574,1.47502,1.47302,2.3900,1.4000
27.01.2014 00:33:30.016,1.47501,1.47301,2.9200,2.0600
27.01.2014 00:33:31.575,1.47498,1.47298,2.0000,2.4900
27.01.2014 00:33:33.065,1.47500,1.47300,1.9200,2.4900
27.01.2014 00:33:34.324,1.47502,1.47302,1.9300,2.1800
27.01.2014 00:33:35.611,1.47504,1.47304,1.2700,2.6900
27.01.2014 00:33:36.966,1.47506,1.47306,1.8600,1.2200
27.01.2014 00:33:38.287,1.47508,1.47308,2.7300,1.5900
27.01.2014 00:33:39.710,1.47508,1.47308,1.2300,2.1600
27.01.2014 00:33:40.955,1.47507,1.47307,2.9400,2.9400
27.01.2014 00:33:42.367,1.47506,1.47306,2.5200,1.7000
27.01.2014 00:33:43.769,1.47506,1.47306,2.1700,1.8900
27.01.2014 00:33:45.275,1.47508,1.47308,1.2000,1.5700
27.01.2014 00:33:46.494,1.47508,1.47308,1.0800,2.1900
27.01.2014 00:33:47.765,1.47510,1.47310,2.5400,1.8600
27.01.2014 00:33:49.194,1.47509,1.47309,1.0900,1.9300
27.01.2014 00:33:50.707,1.47509,1.47309,2.7300,1.8700
27.01.2014 00:33:52.114,1.47508,1.47308,1.1300,1.1900
27.01.2014 00:33:53.649,1.47511,1.47311,1.4800,1.6400
27.01.2014 00:33:54.957,1.47510,1.47310,2.7400,2.5400
27.01.2014 00:33:56.532,1.47511,1.47311,2.5800,1.0600
27.01.2014 00:33:57.953,1.47514,1.47314,2.9100,2.8100
27.01.2014 00:33:59.293,1.47515,1.47315,2.2800,2.6600
27.01.2014 00:34:00.770,1.47514,1.47314,1.5800,2.6000
27.01.2014 00:34:02.169,1.47516,1.47316,2.6000,1.4600
27.01.2014 00:34:03.524,1.47514,1.47314,2.7500,1.9200
27.01.2014 00:34:05.059,1.47511,1.47311,2.3500,2.6500
27.01.2014 00:34:06.485,1.47511,1.47311,2.5300,1.4900
27.01.2014 00:34:07.892,1.47509,1.47309,1.2000,1.7400
27.01.2014 00:34:09.220,1.47507,1.47307,1.1000,1.2100
27.01.2014 00:34:10.456,1.47507,1.47307,1.1800,1.8800
27.01.2014 00:34:11.927,1.47508,1.47308,2.4100,2.8100
27.01.2014 00:34:13.155,1.47508,1.47308,1.3200,1.5100
27.01.2014 00:34:14.755,1.47505,1.47305,2.5500,2.3700
27.01.2014 00:34:16.114,1.47503,1.47303,1.0600,2.8400
27.01.2014 00:34:17.486,1.47504,1.47304,2.8500,1.6800
27.01.2014 00:34:18.784,1.47505,1.47305,2.0600,2.4200
27.01.2014 00:34:20.379,1.47506,1.47306,2.8600,2.0900
27.01.2014 00:34:21.719,1.47508,1.47308,2.9000,2.3200
27.01.2014 00:34:23.060,1.47510,1.47310,1.7100,1.2900
27.01.2014 00:34:24.473,1.47513,1.47313,1.4600,1.5300
27.01.2014 00:34:25.820,1.47512,1.47312,1.1500,1.3300
27.01.2014 00:34:27.326,1.47511,1.47311,1.1800,1.8500
27.01.2014 00:34:28.630,1.47510,1.47310,1.5800,1.3900
27.01.2014 00:34:30.018,1.47509,1.47309,2.0400,2.8900
27.01.2014 00:34:31.400,1.47511,1.47311,1.1400,2.8700
27.01.2014 00:34:32.479,1.47511,1.47311,1.2400,2.5700
27.01.2014 00:34:33.865,1.47510,1.47310,2.7000,2.4600
27.01.2014 00:34:35.323,1.47510,1.47310,2.7800,2.3500
27.01.2014 00:34:36.590,1.47512,1.47312,1.5800,2.4600
27.01.2014 00:34:37.984,1.47512,1.47312,1.3800,2.4600
27.01.2014 00:34:39.404,1.47512,1.47312,2.3700,1.0700
27.01.2014 00:34:40.937,1.47514,1.47314,1.8300,2.0900
27.01.2014 00:34:42.426,1.47514,1.47314,1.2000,2.3600
27.01.2014 00:34:43.912,1.47514,1.47314,2.5700,2.9100
27.01.2014 00:34:45.317,1.47514,1.47314,1.0700,2.6400
27.01.2014 00:34:46.869,1.47512,1.47312,1.4000,1.6700
27.01.2014 00:34:48.363,1.47512,1.47312,2.4900,1.7600
27.01.2014 00:34:49.824,1.47512,1.47312,1.0800,2.5900
27.01.2014 00:34:51.016,1.47513,1.47313,1.0100,1.8800
27.01.2014 00:34:52.421,1.47514,1.47314,1.1100,2.4600
27.01.2014 00:34:53.957,1.47517,1.47317,2.7500,2.1900
27.01.2014 00:34:55.297,1.47517,1.47317,1.1700,2.5600
27.01.2014 00:34:56.612,1.47517,1.47317,1.8000,2.4800
27.01.2014 00:34:58.061,1.47516,1.47316,1.6000,1.0400
27.01.2014 00:34:59.409,1.47515,1.47315,1.1700,1.0400
27.01.2014 00:35:01.038,1.47516,1.47316,1.2900,1.6000
27.01.2014 00:35:02.715,1.47516,1.47316,2.8800,2.1000
27.01.2014 00:35:03.871,1.47515,1.47315,2.3800,1.0700
27.01.2014 00:35:05.344,1.47515,1.47315,1.4600,1.9500
27.01.2014 00:35:06.771,1.47515,1.47315,2.1500,1.6900
27.01.2014 00:35:08.215,1.47512,1.47312,1.0900,1.2400
27.01.2014 00:35:09.567,1.47511,1.47311,1.5300,1.4100
27.01.2014 00:35:10.921,1.47513,1.47313,2.6800,1.8900
27.01.2014 00:35:12.378,1.47513,1.47313,2.4000,1.0000
27.01.2014 00:35:13.777,1.47513,1.47313,2.9700,2.2900
27.01.2014 00:35:15.222,1.47515,1.47315,1.4000,1.1700
27.01.2014 00:35:16.618,1.47514,1.47314,2.8400,2.6400
27.01.2014 00:35:17.937,1.47516,1.47316,1.0600,1.7900
27.01.2014 00:35:19.333,1.47517,1.47317,2.0900,1.9700
27.01.2014 00:35:20.786,1.47518,1.47318,2.7400,2.6800
27.01.2014 00:35:22.222,1.47517,1.47317,2.6400,1.1900
27.01.2014 00:35:23.600,1.47517,1.47317,2.9400,1.1600
27.01.2014 00:35:25.237,1.47517,1.47317,2.0300,2.1200
27.01.2014 00:35:26.530,1.47516,1.47316,2.8600,1.6700
27.01.2014 00:35:27.775,1.47518,1.47318,2.5100,2.9200
27.01.2014 00:35:29.060,1.47519,1.47319,1.2100,2.6100
27.01.2014 00:35:30.586,1.47515,1.47315,2.5600,1.0800
27.01.2014 00:35:31.762,1.47514,1.47314,2.3600,1.4200
27.01.2014 00:35:33.137,1.47517,1.47317,1.8700,1.5100
27.01.2014 00:35:34.615,1.47516,1.47316,1.1200,2.0100
27.01.2014 00:35:36.093,1.47519,1.47319,2.1000,2.4000
27.01.2014 00:35:37.397,1.47518,1.47318,1.1100,1.1000
27.01.2014 00:35:38.786,1.47518,1.47318,1.5400,1.4800
27.01.2014 00:35:40.267,1.47516,1.47316,2.1900,2.9300
27.01.2014 00:35:41.809,1.47514,1.47314,1.1100,1.9500
27.01.2014 00:35:43.075,1.47517,1.47317,2.1500,1.1200
27.01.2014 00:35:44.309,1.47519,1.47319,2.4500,2.3100
27.01.2014 00:35:45.830,1.47521,1.47321,1.0600,2.2400
27.01.2014 00:35:47.130,1.47522,1.47322,1.2700,1.9100
27.01.2014 00:35:48.779,1.47520,1.47320,1.7000,1.6600
27.01.2014 00:35:50.266,1.47523,1.47323,2.2200,1.7100
27.01.2014 00:35:51.689,1.47526,1.47326,2.0400,2.4600
27.01.2014 00:35:53.148,1.47528,1.47328,2.5500,1.5400
27.01.2014 00:35:54.601,1.47526,1.47326,1.5600,2.5900
27.01.2014 00:35:56.006,1.47526,1.47326,1.8500,2.9500
27.01.2014 00:35:57.410,1.47528,1.47328,2.1900,1.5000
27.01.2014 00:35:58.785,1.47527,1.47327,2.7200,2.4500
27.01.2014 00:36:00.201,1.47528,1.47328,1.9700,1.3500
27.01.2014 00:36:01.737,1.47531,1.47331,2.3100,2.3200
27.01.2014 00:36:03.024,1.47530,1.47330,1.6400,1.0900
27.01.2014 00:36:04.429,1.47530,1.47330,2.9400,2.8200
27.01.2014 00:36:05.777,1.47530,1.47330,2.7800,1.7200
27.01.2014 00:36:07.195,1.47527,1.47327,2.6000,1.8900
27.01.2014 00:36:08.503,1.47524,1.47324,2.5400,2.6000
27.01.2014 00:36:09.928,1.47524,1.47324,1.8000,2.3800
27.01.2014 00:36:11.430,1.47525,1.47325,2.7200,1.0700
27.01.2014 00:36:12.904,1.47525,1.47325,1.2700,1.8700
27.01.2014 00:36:14.471,1.47525,1.47325,2.4000,1.5300
27.01.2014 00:36:15.856,1.47525,1.47325,2.7500,1.7900
27.01.2014 00:36:17.218,1.47525,1.47325,2.2300,1.5100
27.01.2014 00:36:18.783,1.47524,1.47324,1.2300,2.0400
27.01.2014 00:36:20.026,1.47524,1.47324,2.8800,1.9100
27.01.2014 00:36:21.364,1.47522,1.47322,1.0200,2.5700
27.01.2014 00:36:22.658,1.47522,1.47322,1.4800,2.2400
27.01.2014 00:36:24.154,1.47519,1.47319,2.0200,1.7200
27.01.2014 00:36:25.764,1.47521,1.47321,2.7700,2.8100
27.01.2014 00:36:26.992,1.47521,1.47321,1.5400,1.4100
27.01.2014 00:36:28.397,1.47521,1.47321,1.4500,1.8500
27.01.2014 00:36:29.848,1.47522,1.47322,1.0500,2.8000
27.01.2014 00:36:31.417,1.47520,1.47320,1.1900,2.1800
27.01.2014 00:36:32.879,1.47520,1.47320,2.6800,2.2100
27.01.2014 00:36:34.343,1.47522,1.47322,2.4800,1.6300
27.01.2014 00:36:35.572,1.47523,1.47323,2.9600,1.2800
27.01.2014 00:36:37.123,1.47524,1.47324,2.7800,2.9400
27.01.2014 00:36:38.663,1.47526,1.47326,1.5900,2.0100
27.01.2014 00:36:40.131,1.47522,1.47322,1.2600,1.2300
27.01.2014 00:36:41.541,1.47522,1.47322,1.8100,1.4500
27.01.2014 00:36:43.073,1.47523,1.47323,1.6300,2.7800
27.01.2014 00:36:44.508,1.47524,1.47324,1.2700,1.4200
27.01.2014 00:36:45.906,1.47521,1.47321,1.0500,1.1600
27.01.2014 00:36:47.230,1.47520,1.47320,1.5500,2.1300
27.01.2014 00:36:48.599,1.47520,1.47320,1.4400,1.6300
27.01.2014 00:36:50.143,1.47516,1.47316,1.9100,1.1100
27.01.2014 00:36:51.443,1.47518,1.47318,1.1600,2.8100
27.01.2014 00:36:52.745,1.47519,1.47319,1.7100,1.5000
27.01.2014 00:36:54.034,1.47519,1.47319,1.9800,2.9200
27.01.2014 00:36:55.447,1.47518,1.47318,1.1000,1.5500
27.01.2014 00:36:56.917,1.47517,1.47317,2.0100,2.2200
27.01.2014 00:36:58.395,1.47517,1.47317,2.9100,2.9500
27.01.2014 00:36:59.867,1.47517,1.47317,1.2600,2.3000
27.01.2014 00:37:01.345,1.47515,1.47315,2.7200,2.6300
27.01.2014 00:37:02.794,1.47517,1.47317,1.9800,2.2000
27.01.2014 00:37:04.128,1.47517,1.47317,2.2500,1.2700
27.01.2014 00:37:05.585,1.47516,1.47316,1.3800,2.5200
27.01.2014 00:37:07.035,1.47519,1.47319,1.4700,1.2700
27.01.2014 00:37:08.319,1.47520,1.47320,1.6300,1.3600
27.01.2014 00:37:09.795,1.47520,1.47320,1.9500,1.4400
27.01.2014 00:37:11.411,1.47521,1.47321,1.0600,2.9100
27.01.2014 00:37:12.696,1.47520,1.47320,2.0500,1.6900
27.01.2014 00:37:14.111,1.47520,1.47320,2.8600,1.4800
27.01.2014 00:37:15.591,1.47522,1.47322,1.1400,2.0400
27.01.2014 00:37:16.914,1.47521,1.47321,2.9500,2.0200
27.01.2014 00:37:18.405,1.47522,1.47322,2.2700,2.3900
27.01.2014 00:37:19.655,1.47524,1.47324,2.8000,1.8700
27.01.2014 00:37:20.976,1.47525,1.47325,1.9800,1.4500
27.01.2014 00:37:22.465,1.47524,1.47324,2.4800,2.0000
27.01.2014 00:37:23.782,1.47525,1.47325,2.9400,1.0700
27.01.2014 00:37:24.863,1.47526,1.47326,2.8500,2.3500
27.01.2014 00:37:26.314,1.47526,1.47326,1.8800,2.7500
27.01.2014 00:37:27.655,1.47526,1.47326,1.7100,2.1800
27.01.2014 00:37:29.125,1.47523,1.47323,1.7900,1.3600
27.01.2014 00:37:30.538,1.47529,1.47329,2.3700,1.3500
27.01.2014 00:37:32.021,1.47530,1.47330,1.2500,1.0100
27.01.2014 00:37:33.293,1.47531,1.47331,1.5800,2.4200
27.01.2014 00:37:34.725,1.47531,1.47331,1.2000,1.1800
27.01.2014 00:37:36.062,1.47531,1.47331,2.8800,1.8200
27.01.2014 00:37:37.527,1.47531,1.47331,2.4300,2.2200
27.01.2014 00:37:38.945,1.47528,1.47328,1.0400,1.2500
27.01.2014 00:37:40.378,1.47531,1.47331,2.7800,1.1800
27.01.2014 00:37:41.805,1.47530,1.47330,1.6600,1.9300
27.01.2014 00:37:43.196,1.47531,1.47331,1.8100,2.7000
27.01.2014 00:37:44.796,1.47530,1.47330,2.3900,1.7300
27.01.2014 00:37:46.102,1.47528,1.47328,2.1500,1.4600
27.01.2014 00:37:47.365,1.47527,1.47327,1.7900,1.4400
27.01.2014 00:37:48.731,1.47526,1.47326,1.8300,1.6100
27.01.2014 00:37:50.257,1.47529,1.47329,1.3600,2.9600
27.01.2014 00:37:51.631,1.47530,1.47330,1.9700,2.0400
27.01.2014 00:37:53.007,1.47527,1.47327,1.3700,1.5800
27.01.2014 00:37:54.399,1.47528,1.47328,2.1700,2.4100
27.01.2014 00:37:55.698,1.47526,1.47326,1.2400,1.2400
27.01.2014 00:37:57.125,1.47527,1.47327,1.2000,1.9900
27.01.2014 00:37:58.570,1.47526,1.47326,1.1400,2.0000
27.01.2014 00:37:59.860,1.47525,1.47325,2.8700,2.7600
27.01.2014 00:38:01.283,1.47525,1.47325,2.9200,1.0200
27.01.2014 00:38:02.733,1.47528,1.47328,2.7100,1.8600
27.01.2014 00:38:04.057,1.47529,1.47329,1.8600,1.4900
27.01.2014 00:38:05.441,1.47530,1.47330,1.9000,1.2200
27.01.2014 00:38:06.886,1.47530,1.47330,2.3100,2.2100
27.01.2014 00:38:08.163,1.47529,1.47329,2.3300,2.3500
27.01.2014 00:38:09.535,1.47528,1.47328,1.3900,1.3800
27.01.2014 00:38:10.903,1.47527,1.47327,2.0400,2.3000
27.01.2014 00:38:12.334,1.47526,1.47326,2.1500,1.4900
27.01.2014 00:38:13.665,1.47524,1.47324,2.0700,2.3300
27.01.2014 00:38:14.882,1.47523,1.47323,1.1400,2.1000
27.01.2014 00:38:16.265,1.47523,1.47323,2.3100,1.3400
27.01.2014 00:38:17.614,1.47524,1.47324,1.1300,1.3000
27.01.2014 00:38:19.110,1.47524,1.47324,1.4600,1.4100
27.01.2014 00:38:20.585,1.47523,1.47323,2.1500,1.5400
27.01.2014 00:38:21.901,1.47523,1.47323,1.5500,2.2800
27.01.2014 00:38:23.400,1.47523,1.47323,2.0100,2.6800
27.01.2014 00:38:24.790,1.47521,1.47321,2.3800,1.3800
27.01.2014 00:38:26.145,1.47521,1.47321,1.5000,1.0100
27.01.2014 00:38:27.628,1.47520,1.47320,2.6100,2.7900
27.01.2014 00:38:29.026,1.47520,1.47320,2.8500,1.7900
27.01.2014 00:38:30.364,1.47520,1.47320,1.0100,1.9400
27.01.2014 00:38:31.799,1.47519,1.47319,1.7700,2.8700
27.01.2014 00:38:33.291,1.47520,1.47320,2.2800,2.6500
27.01.2014 00:38:34.683,1.47520,1.47320,1.7400,2.7200
27.01.2014 00:38:35.998,1.47523,1.47323,2.9900,2.3200
27.01.2014 00:38:37.323,1.47525,1.47325,1.8800,2.8100
27.01.2014 00:38:38.658,1.47526,1.47326,1.1300,2.2300
27.01.2014 00:38:40.030,1.47528,1.47328,1.4500,1.1200
27.01.2014 00:38:41.585,1.47527,1.47327,2.1000,2.7400
27.01.2014 00:38:43.084,1.47531,1.47331,2.2000,2.3500
27.01.2014 00:38:44.391,1.47530,1.47330,2.0700,2.1600
27.01.2014 00:38:45.937,1.47531,1.47331,1.2600,2.6000
27.01.2014 00:38:47.227,1.47532,1.47332,1.7000,2.0200
27.01.2014 00:38:48.613,1.47532,1.47332,1.6600,2.1000
27.01.2014 00:38:49.953,1.47533,1.47333,1.2800,2.9400
27.01.2014 00:38:51.369,1.47535,1.47335,1.8100,1.5800
27.01.2014 00:38:52.680,1.47535,1.47335,2.7800,1.1600
27.01.2014 00:38:54.231,1.47537,1.47337,2.0200,1.7400
27.01.2014 00:38:55.613,1.47537,1.47337,1.0100,2.0600
27.01.2014 00:38:57.016,1.47540,1.47340,2.9600,2.0600
27.01.2014 00:38:58.406,1.47538,1.47338,2.7600,2.1500
27.01.2014 00:38:59.873,1.47536,1.47336,1.7700,2.0200
27.01.2014 00:39:01.095,1.47535,1.47335,1.9500,1.2200
27.01.2014 00:39:02.411,1.47534,1.47334,2.3800,2.2100
27.01.2014 00:39:03.795,1.47530,1.47330,2.2000,2.0200
27.01.2014 00:39:05.197,1.47531,1.47331,1.8500,1.4100
27.01.2014 00:39:06.669,1.47530,1.47330,1.3500,1.7600
27.01.2014 00:39:08.089,1.47530,1.47330,3.0000,1.1300
27.01.2014 00:39:09.373,1.47532,1.47332,2.6800,2.7400
27.01.2014 00:39:10.524,1.47530,1.47330,2.2100,2.8700
27.01.2014 00:39:11.933,1.47528,1.47328,1.3300,2.7100
27.01.2014 00:39:13.224,1.47530,1.47330,2.8500,1.1800
27.01.2014 00:39:14.559,1.47531,1.47331,1.5200,2.7900
27.01.2014 00:39:15.891,1.47531,1.47331,2.1300,1.3500
27.01.2014 00:39:17.124,1.47531,1.47331,1.6500,1.4800
27.01.2014 00:39:18.603,1.47532,1.47332,2.1900,1.6200
27.01.2014 00:39:20.011,1.47532,1.47332,2.5800,1.9600
27.01.2014 00:39:21.502,1.47535,1.47335,2.1600,2.1200
27.01.2014 00:39:22.741,1.47533,1.47333,1.7500,2.9200
27.01.2014 00:39:24.194,1.47535,1.47335,2.3100,1.8900
27.01.2014 00:39:25.634,1.47534,1.47334,1.2000,1.9800
27.01.2014 00:39:27.107,1.47534,1.47334,2.9800,2.4700
27.01.2014 00:39:28.618,1.47533,1.47333,1.5900,1.5800
27.01.2014 00:39:29.932,1.47533,1.47333,2.9400,2.4800
27.01.2014 00:39:31.287,1.47531,1.47331,1.1700,1.9000
27.01.2014 00:39:32.708,1.47534,1.47334,2.6600,2.3500
27.01.2014 00:39:34.063,1.47535,1.47335,1.0600,2.5600
27.01.2014 00:39:35.598,1.47531,1.47331,1.4500,1.9600
27.01.2014 00:39:36.963,1.47530,1.47330,1.7900,1.5200
27.01.2014 00:39:38.339,1.47529,1.47329,2.0000,2.4700
27.01.2014 00:39:39.672,1.47530,1.47330,2.8700,1.1300
27.01.2014 00:39:40.919,1.47529,1.47329,2.8200,1.0700
27.01.2014 00:39:42.287,1.47527,1.47327,2.8600,2.5400
27.01.2014 00:39:43.683,1.47527,1.47327,1.4200,2.1100
27.01.2014 00:39:44.955,1.47527,1.47327,2.4000,2.8800
27.01.2014 00:39:46.222,1.47527,1.47327,2.3100,2.1600
27.01.2014 00:39:47.580,1.47526,1.47326,2.9400,1.8800
27.01.2014 00:39:49.034,1.47523,1.47323,2.1900,1.5500
27.01.2014 00:39:50.367,1.47526,1.47326,1.7700,2.7200
27.01.2014 00:39:51.840,1.47522,1.47322,1.9700,1.6100
27.01.2014 00:39:53.299,1.47524,1.47324,2.9500,2.5200
27.01.2014 00:39:54.843,1.47523,1.47323,1.7500,2.1000
27.01.2014 00:39:56.189,1.47524,1.47324,2.2300,2.7800
27.01.2014 00:39:57.437,1.47520,1.47320,2.7600,1.7400
27.01.2014 00:39:58.973,1.47522,1.47322,1.4000,1.9600
27.01.2014 00:40:00.406,1.47523,1.47323,1.7800,2.4400
27.01.2014 00:40:01.847,1.47525,1.47325,1.3000,1.3300
27.01.2014 00:40:03.356,1.47524,1.47324,2.8200,1.9700
27.01.2014 00:40:04.772,1.47523,1.47323,1.5200,1.8900
27.01.2014 00:40:06.081,1.47523,1.47323,1.3300,2.2900
27.01.2014 00:40:07.612,1.47524,1.47324,1.0800,1.5400
27.01.2014 00:40:08.896,1.47524,1.47324,1.2600,2.8700
27.01.2014 00:40:10.253,1.47527,1.47327,1.2600,2.2300
27.01.2014 00:40:11.569,1.47529,1.47329,2.8500,1.6400
27.01.2014 00:40:12.990,1.47525,1.47325,2.5100,1.2500
27.01.2014 00:40:14.400,1.47530,1.47330,1.0300,2.2700
27.01.2014 00:40:15.842,1.47528,1.47328,1.0800,2.2500
27.01.2014 00:40:17.256,1.47522,1.47322,2.8500,1.1700
27.01.2014 00:40:18.628,1.47522,1.47322,2.8000,2.5700
27.01.2014 00:40:20.007,1.47523,1.47323,1.0800,1.9300
27.01.2014 00:40:21.604,1.47521,1.47321,2.1800,1.4000
27.01.2014 00:40:22.767,1.47521,1.47321,2.5800,2.3700
27.01.2014 00:40:24.117,1.47521,1.47321,2.8700,2.4600
27.01.2014 00:40:25.664,1.47524,1.47324,2.2500,1.3600
27.01.2014 00:40:27.096,1.47520,1.47320,1.6900,2.0600
27.01.2014 00:40:28.435,1.47521,1.47321,1.7200,1.5900
27.01.2014 00:40:29.782,1.47519,1.47319,1.2800,1.4100
27.01.2014 00:40:31.200,1.47519,1.47319,2.3400,1.0100
27.01.2014 00:40:32.633,1.47522,1.47322,1.8900,2.4900
27.01.2014 00:40:33.950,1.47521,1.47321,1.7300,1.9200
27.01.2014 00:40:35.235,1.47521,1.47321,1.0800,2.6800
27.01.2014 00:40:36.665,1.47521,1.47321,2.6900,2.0400
27.01.2014 00:40:37.913,1.47520,1.47320,1.2100,2.1600
27.01.2014 00:40:39.224,1.47517,1.47317,1.9100,2.6200
27.01.2014 00:40:40.750,1.47515,1.47315,1.8400,2.9400
27.01.2014 00:40:42.170,1.47511,1.47311,2.5000,1.4100
27.01.2014 00:40:43.676,1.47511,1.47311,2.9300,2.9700
27.01.2014 00:40:45.143,1.47510,1.47310,2.0600,1.3000
27.01.2014 00:40:46.306,1.47512,1.47312,1.3500,1.1500
27.01.2014 00:40:47.703,1.47512,1.47312,2.8000,1.1500
27.01.2014 00:40:49.139,1.47513,1.47313,2.7000,2.7700
27.01.2014 00:40:50.521,1.47514,1.47314,2.7600,1.7200
27.01.2014 00:40:51.976,1.47514,1.47314,1.1500,2.8600
27.01.2014 00:40:53.358,1.47512,1.47312,1.6700,1.1100
27.01.2014 00:40:54.760,1.47512,1.47312,1.6800,1.8800
27.01.2014 00:40:56.329,1.47513,1.47313,2.0900,1.8100
27.01.2014 00:40:57.636,1.47512,1.47312,1.8300,2.6300
27.01.2014 00:40:59.017,1.47512,1.47312,2.6800,1.6500
27.01.2014 00:41:00.460,1.47515,1.47315,2.0200,2.9800
27.01.2014 00:41:01.734,1.47513,1.47313,2.1800,1.2600
27.01.2014 00:41:03.196,1.47514,1.47314,1.1400,2.1800
27.01.2014 00:41:04.565,1.47515,1.47315,1.6300,1.2300
27.01.2014 00:41:06.074,1.47512,1.47312,1.9700,1.1300
27.01.2014 00:41:07.592,1.47515,1.47315,2.1700,1.2500
27.01.2014 00:41:08.932,1.47515,1.47315,2.0300,1.2200
27.01.2014 00:41:10.363,1.47517,1.47317,2.9000,2.4600
27.01.2014 00:41:11.844,1.47516,1.47316,2.0200,1.0700
27.01.2014 00:41:13.371,1.47514,1.47314,2.1200,1.9300
27.01.2014 00:41:14.763,1.47513,1.47313,2.5100,2.2300
27.01.2014 00:41:16.062,1.47515,1.47315,1.8000,1.1500
27.01.2014 00:41:17.370,1.47516,1.47316,1.8200,2.1300
27.01.2014 00:41:18.816,1.47517,1.47317,1.6500,1.0700
27.01.2014 00:41:20.348,1.47516,1.47316,1.9700,1.8700
27.01.2014 00:41:21.939,1.47516,1.47316,1.1800,2.1900
27.01.2014 00:41:23.487,1.47516,1.47316,2.5600,2.6100
27.01.2014 00:41:25.026,1.47518,1.47318,2.2800,2.6900
27.01.2014 00:41:26.349,1.47519,1.47319,1.3900,1.7500
27.01.2014 00:41:27.751,1.47516,1.47316,1.1300,1.5800
27.01.2014 00:41:29.155,1.47515,1.47315,1.5500,1.0800
27.01.2014 00:41:30.619,1.47516,1.47316,2.2900,1.4600
27.01.2014 00:41:32.087,1.47514,1.47314,2.8800,2.7000
27.01.2014 00:41:33.541,1.47511,1.47311,2.5400,2.3900
27.01.2014 00:41:34.955,1.47506,1.47306,1.8900,2.7400
27.01.2014 00:41:36.474,1.47507,1.47307,1.6000,2.8500
27.01.2014 00:41:37.564,1.47507,1.47307,2.6200,2.1300
27.01.2014 00:41:38.930,1.47505,1.47305,2.9800,1.6100
27.01.2014 00:41:40.287,1.47505,1.47305,2.1500,1.9900
27.01.2014 00:41:41.664,1.47504,1.47304,2.3300,1.4000
27.01.2014 00:41:43.020,1.47503,1.47303,1.3700,1.0900
27.01.2014 00:41:44.390,1.47503,1.47303,2.4900,2.6300
27.01.2014 00:41:45.937,1.47503,1.47303,2.6900,1.1400
27.01.2014 00:41:47.238,1.47504,1.47304,1.0500,2.4400
27.01.2014 00:41:48.622,1.47505,1.47305,1.0300,1.7200
27.01.2014 00:41:50.192,1.47502,1.47302,1.1200,2.4100
27.01.2014 00:41:51.514,1.47504,1.47304,2.3000,2.8600
27.01.2014 00:41:52.775,1.47504,1.47304,1.1400,2.5300
27.01.2014 00:41:54.212,1.47505,1.47305,1.5100,2.8600
27.01.2014 00:41:55.830,1.47507,1.47307,1.9000,2.5600
27.01.2014 00:41:57.500,1.47507,1.47307,1.5900,1.5900
27.01.2014 00:41:58.778,1.47509,1.47309,1.3500,1.5400
27.01.2014 00:42:00.174,1.47509,1.47309,1.7600,2.1100
27.01.2014 00:42:01.378,1.47509,1.47309,1.0900,1.8300
27.01.2014 00:42:02.925,1.47509,1.47309,1.3400,2.0500
27.01.2014 00:42:04.598,1.47511,1.47311,1.8800,1.6700
27.01.2014 00:42:06.015,1.47510,1.47310,2.7200,2.0500
27.01.2014 00:42:07.345,1.47511,1.47311,2.7500,1.6900
27.01.2014 00:42:08.589,1.47513,1.47313,1.9900,2.0900
27.01.2014 00:42:09.898,1.47515,1.47315,2.0500,1.4000
27.01.2014 00:42:11.349,1.47519,1.47319,1.9000,2.0800
27.01.2014 00:42:12.924,1.47521,1.47321,1.2800,1.2200
27.01.2014 00:42:14.234,1.47523,1.47323,2.3700,1.8000
27.01.2014 00:42:15.589,1.47522,1.47322,2.3200,2.6700
27.01.2014 00:42:16.929,1.47524,1.47324,2.0000,1.4900
27.01.2014 00:42:18.277,1.47524,1.47324,1.7900,2.8000
27.01.2014 00:42:19.642,1.47522,1.47322,2.1200,2.2400
27.01.2014 00:42:21.135,1.47521,1.47321,2.7800,2.9600
27.01.2014 00:42:22.461,1.47523,1.47323,1.1700,2.0000
27.01.2014 00:42:23.860,1.47523,1.47323,1.2600,2.5600
27.01.2014 00:42:25.081,1.47521,1.47321,1.4600,2.6800
27.01.2014 00:42:26.366,1.47523,1.47323,2.7800,2.0100
27.01.2014 00:42:27.709,1.47519,1.47319,1.5100,1.3600
27.01.2014 00:42:29.165,1.47521,1.47321,1.7000,1.8100
27.01.2014 00:42:30.763,1.47522,1.47322,1.3900,2.0000
27.01.2014 00:42:32.194,1.47521,1.47321,2.3500,1.3200
27.01.2014 00:42:33.568,1.47520,1.47320,1.2800,2.8800
27.01.2014 00:42:34.921,1.47516,1.47316,2.0400,1.0200
27.01.2014 00:42:36.379,1.47515,1.47315,1.0600,1.1400
27.01.2014 00:42:37.919,1.47514,1.47314,1.8600,1.2000
27.01.2014 00:42:39.365,1.47512,1.47312,2.7900,2.6300
27.01.2014 00:42:40.676,1.47511,1.47311,1.5400,1.7700
27.01.2014 00:42:41.921,1.47512,1.47312,1.5000,1.8600
27.01.2014 00:42:43.252,1.47512,1.47312,1.7200,2.1600
27.01.2014 00:42:44.711,1.47513,1.47313,2.9200,1.3600
27.01.2014 00:42:46.010,1.47512,1.47312,2.3800,1.0000
27.01.2014 00:42:47.651,1.47513,1.47313,2.5900,2.0900
27.01.2014 00:42:48.982,1.47510,1.47310,1.5600,2.6200
27.01.2014 00:42:50.435,1.47512,1.47312,2.3700,2.1000
27.01.2014 00:42:51.767,1.47514,1.47314,1.8700,2.8600
27.01.2014 00:42:53.190,1.47515,1.47315,2.1000,2.9200
27.01.2014 00:42:54.517,1.47515,1.47315,2.4300,2.2300
27.01.2014 00:42:55.951,1.47513,1.47313,2.7800,2.4500
27.01.2014 00:42:57.357,1.47513,1.47313,1.7300,1.2800
27.01.2014 00:42:58.767,1.47514,1.47314,2.9900,2.5200
27.01.2014 00:43:00.062,1.47516,1.47316,1.1100,2.0900
27.01.2014 00:43:01.422,1.47518,1.47318,2.0500,1.4700
27.01.2014 00:43:02.684,1.47514,1.47314,1.4300,1.8200
27.01.2014 00:43:04.131,1.47515,1.47315,2.4400,1.4700
27.01.2014 00:43:05.482,1.47517,1.47317,2.2700,1.9800
27.01.2014 00:43:06.913,1.47518,1.47318,2.4800,2.7500
27.01.2014 00:43:08.254,1.47516,1.47316,1.5600,2.3100
27.01.2014 00:43:09.610,1.47515,1.47315,2.1800,1.8000
