Time,Ask,Bid,AskVolume,BidVolume
03.01.2014 00:00:01.940,1.49952,1.49752,1.6500,2.0100
03.01.2014 00:00:03.431,1.49953,1.49753,1.7700,1.4100
03.01.2014 00:00:04.687,1.49955,1.49755,1.1800,2.3500
03.01.2014 00:00:06.261,1.49955,1.49755,2.1400,1.7000
03.01.2014 00:00:07.607,1.49956,1.49756,2.5500,1.5100
03.01.2014 00:00:09.015,1.49957,1.49757,1.7800,2.8700
03.01.2014 00:00:10.486,1.49958,1.49758,2.8500,2.0400
03.01.2014 00:00:11.873,1.49957,1.49757,1.9500,2.6200
03.01.2014 00:00:13.250,1.49957,1.49757,2.8400,1.5300
03.01.2014 00:00:14.739,1.49957,1.49757,2.6000,1.2500
03.01.2014 00:00:16.165,1.49957,1.49757,1.6000,1.9500
03.01.2014 00:00:17.602,1.49957,1.49757,2.6500,2.1800
03.01.2014 00:00:19.013,1.49959,1.49759,1.1400,1.1500
03.01.2014 00:00:20.480,1.49959,1.49759,1.4700,2.2800
03.01.2014 00:00:21.803,1.49959,1.49759,1.8300,2.3800
03.01.2014 00:00:23.323,1.49958,1.49758,2.5800,1.4200
03.01.2014 00:00:24.774,1.49961,1.49761,2.4300,2.5500
03.01.2014 00:00:26.203,1.49963,1.49763,2.7500,1.7800
03.01.2014 00:00:27.504,1.49962,1.49762,1.0900,1.5300
03.01.2014 00:00:28.919,1.49960,1.49760,1.1700,2.9100
03.01.2014 00:00:30.218,1.49960,1.49760,1.9400,1.0500
03.01.2014 00:00:31.681,1.49959,1.49759,1.6200,1.8500
03.01.2014 00:00:33.084,1.49960,1.49760,1.1300,1.4100
03.01.2014 00:00:34.483,1.49961,1.49761,2.4900,1.2400
03.01.2014 00:00:35.958,1.49962,1.49762,2.1100,2.8500
03.01.2014 00:00:37.238,1.49962,1.49762,1.4400,2.3300
03.01.2014 00:00:38.661,1.49963,1.49763,2.8000,1.8800
03.01.2014 00:00:40.068,1.49960,1.49760,1.1800,1.7700
03.01.2014 00:00:41.681,1.49959,1.49759,2.1100,1.4800
03.01.2014 00:00:42.938,1.49958,1.49758,1.0100,2.3900
03.01.2014 00:00:44.295,1.49955,1.49755,2.0300,2.2900
03.01.2014 00:00:45.660,1.49955,1.49755,2.5800,2.3600
03.01.2014 00:00:47.088,1.49954,1.49754,1.7700,1.0900
03.01.2014 00:00:48.592,1.49955,1.49755,2.4700,1.5100
03.01.2014 00:00:50.083,1.49953,1.49753,1.9500,2.6900
03.01.2014 00:00:51.549,1.49956,1.49756,2.2700,1.1400
03.01.2014 00:00:53.039,1.49955,1.49755,1.4900,1.4700
03.01.2014 00:00:54.565,1.49955,1.49755,2.9900,1.5700
03.01.2014 00:00:56.070,1.49955,1.49755,2.1600,1.8300
03.01.2014 00:00:57.419,1.49959,1.49759,2.2100,2.3500
03.01.2014 00:00:59.011,1.49958,1.49758,2.9200,1.5600
03.01.2014 00:01:00.414,1.49957,1.49757,1.6500,1.7800
03.01.2014 00:01:01.757,1.49956,1.49756,1.3900,2.0900
03.01.2014 00:01:03.077,1.49954,1.49754,1.0400,2.2400
03.01.2014 00:01:04.627,1.49954,1.49754,2.5800,2.1900
03.01.2014 00:01:06.129,1.49956,1.49756,1.5300,2.2000
03.01.2014 00:01:07.470,1.49954,1.49754,2.9800,1.2800
03.01.2014 00:01:08.846,1.49955,1.49755,2.8600,1.6600
03.01.2014 00:01:10.119,1.49954,1.49754,1.4300,1.0600
03.01.2014 00:01:11.370,1.49953,1.49753,2.8700,1.4000
03.01.2014 00:01:12.697,1.49953,1.49753,1.0200,2.1800
03.01.2014 00:01:14.005,1.49954,1.49754,2.9300,1.4100
03.01.2014 00:01:15.340,1.49954,1.49754,2.8100,1.0900
03.01.2014 00:01:16.729,1.49957,1.49757,1.7100,1.6300
03.01.2014 00:01:18.192,1.49959,1.49759,2.3000,1.6100
03.01.2014 00:01:19.644,1.49957,1.49757,2.1600,1.7900
03.01.2014 00:01:21.030,1.49956,1.49756,1.4000,1.3100
03.01.2014 00:01:22.464,1.49955,1.49755,2.1300,1.8900
03.01.2014 00:01:23.923,1.49955,1.49755,2.4100,1.1900
03.01.2014 00:01:25.290,1.49957,1.49757,2.3500,2.3200
03.01.2014 00:01:26.575,1.49959,1.49759,2.0600,1.5000
03.01.2014 00:01:28.051,1.49958,1.49758,1.5500,2.1900
03.01.2014 00:01:29.494,1.49957,1.49757,1.4200,2.8300
03.01.2014 00:01:31.105,1.49960,1.49760,1.2000,2.6600
03.01.2014 00:01:32.397,1.49958,1.49758,1.3100,1.7800
03.01.2014 00:01:33.942,1.49958,1.49758,1.8300,1.9800
03.01.2014 00:01:35.258,1.49956,1.49756,1.2600,1.0400
03.01.2014 00:01:36.662,1.49958,1.49758,2.5800,1.6000
03.01.2014 00:01:38.044,1.49957,1.49757,1.5400,2.1800
03.01.2014 00:01:39.696,1.49956,1.49756,1.8500,1.6700
03.01.2014 00:01:40.993,1.49956,1.49756,1.7500,1.3600
03.01.2014 00:01:42.356,1.49954,1.49754,1.1300,1.2700
03.01.2014 00:01:43.872,1.49955,1.49755,1.9300,2.9800
03.01.2014 00:01:45.086,1.49953,1.49753,1.9400,2.4400
03.01.2014 00:01:46.454,1.49953,1.49753,1.9300,1.7600
03.01.2014 00:01:47.893,1.49952,1.49752,1.4000,1.0800
03.01.2014 00:01:49.260,1.49953,1.49753,1.2400,2.3000
03.01.2014 00:01:50.646,1.49955,1.49755,2.8200,2.5700
03.01.2014 00:01:52.038,1.49956,1.49756,1.8700,2.4900
03.01.2014 00:01:53.436,1.49957,1.49757,2.7500,2.5200
03.01.2014 00:01:54.795,1.49956,1.49756,2.0300,1.3500
03.01.2014 00:01:56.284,1.49955,1.49755,2.6800,1.0200
03.01.2014 00:01:57.825,1.49959,1.49759,1.2100,2.1700
03.01.2014 00:01:59.266,1.49957,1.49757,2.7200,2.6400
03.01.2014 00:02:00.684,1.49952,1.49752,1.5600,1.7400
03.01.2014 00:02:01.900,1.49951,1.49751,2.6900,2.8000
03.01.2014 00:02:03.417,1.49950,1.49750,1.2500,2.1200
03.01.2014 00:02:04.688,1.49949,1.49749,2.9400,1.4900
03.01.2014 00:02:06.192,1.49947,1.49747,1.7300,2.6900
03.01.2014 00:02:07.553,1.49946,1.49746,1.3200,1.2400
03.01.2014 00:02:08.828,1.49945,1.49745,1.9100,2.8100
03.01.2014 00:02:10.319,1.49945,1.49745,2.1700,2.6400
03.01.2014 00:02:11.810,1.49945,1.49745,2.5100,1.6200
03.01.2014 00:02:13.129,1.49945,1.49745,2.0100,2.4600
03.01.2014 00:02:14.404,1.49943,1.49743,1.5800,1.5300
03.01.2014 00:02:15.951,1.49937,1.49737,1.5400,2.3300
03.01.2014 00:02:17.465,1.49936,1.49736,1.9000,1.1000
03.01.2014 00:02:18.843,1.49937,1.49737,1.3500,2.1600
03.01.2014 00:02:20.180,1.49934,1.49734,1.7300,2.8900
03.01.2014 00:02:21.657,1.49938,1.49738,1.3400,1.7600
03.01.2014 00:02:23.075,1.49939,1.49739,2.9900,2.3200
03.01.2014 00:02:24.427,1.49941,1.49741,1.7100,2.1400
03.01.2014 00:02:25.750,1.49939,1.49739,1.7900,1.8800
03.01.2014 00:02:27.171,1.49941,1.49741,2.9300,2.5900
03.01.2014 00:02:28.589,1.49941,1.49741,1.3800,1.2000
03.01.2014 00:02:29.907,1.49938,1.49738,2.7400,1.1300
03.01.2014 00:02:31.388,1.49938,1.49738,2.1100,2.1100
03.01.2014 00:02:32.890,1.49938,1.49738,1.7800,1.3600
03.01.2014 00:02:34.123,1.49938,1.49738,1.0100,2.1700
03.01.2014 00:02:35.556,1.49939,1.49739,2.3600,1.2600
03.01.2014 00:02:37.025,1.49938,1.49738,2.7500,1.1100
03.01.2014 00:02:38.340,1.49939,1.49739,1.9600,2.4200
03.01.2014 00:02:39.784,1.49939,1.49739,1.5600,2.3700
03.01.2014 00:02:41.073,1.49940,1.49740,2.0500,1.2400
03.01.2014 00:02:42.433,1.49939,1.49739,1.2600,1.5500
03.01.2014 00:02:43.797,1.49939,1.49739,1.9600,1.1100
03.01.2014 00:02:45.186,1.49941,1.49741,1.0800,1.5200
03.01.2014 00:02:46.558,1.49940,1.49740,1.1600,2.5100
03.01.2014 00:02:48.028,1.49944,1.49744,1.7500,2.4800
03.01.2014 00:02:49.469,1.49944,1.49744,1.9300,1.1600
03.01.2014 00:02:50.837,1.49946,1.49746,1.8200,1.0300
03.01.2014 00:02:52.254,1.49947,1.49747,1.8300,1.9900
03.01.2014 00:02:53.557,1.49948,1.49748,1.6100,2.4000
03.01.2014 00:02:54.990,1.49949,1.49749,2.7900,2.4000
03.01.2014 00:02:56.565,1.49951,1.49751,1.2700,1.5600
03.01.2014 00:02:57.892,1.49949,1.49749,1.4900,1.3900
03.01.2014 00:02:59.206,1.49948,1.49748,2.9300,1.6900
03.01.2014 00:03:00.414,1.49948,1.49748,1.6100,1.4700
03.01.2014 00:03:01.628,1.49947,1.49747,1.8800,1.5200
03.01.2014 00:03:03.089,1.49950,1.49750,2.2600,2.1100
03.01.2014 00:03:04.637,1.49950,1.49750,2.4300,2.1500
03.01.2014 00:03:06.172,1.49951,1.49751,2.2900,2.4400
03.01.2014 00:03:07.599,1.49948,1.49748,2.6000,2.2500
03.01.2014 00:03:09.004,1.49951,1.49751,1.5400,1.2000
03.01.2014 00:03:10.429,1.49954,1.49754,2.0800,2.1900
03.01.2014 00:03:11.805,1.49953,1.49753,2.4600,2.6700
03.01.2014 00:03:13.178,1.49952,1.49752,2.4900,2.6200
03.01.2014 00:03:14.607,1.49954,1.49754,1.3600,1.8900
03.01.2014 00:03:16.078,1.49956,1.49756,1.1200,2.2500
03.01.2014 00:03:17.606,1.49958,1.49758,1.5600,1.8200
03.01.2014 00:03:19.043,1.49960,1.49760,2.8300,1.2200
03.01.2014 00:03:20.606,1.49958,1.49758,2.0400,2.0600
03.01.2014 00:03:22.057,1.49959,1.49759,2.2100,1.0200
03.01.2014 00:03:23.580,1.49958,1.49758,2.0400,1.1400
03.01.2014 00:03:24.977,1.49961,1.49761,2.1300,2.7000
03.01.2014 00:03:26.360,1.49963,1.49763,1.3600,1.6800
03.01.2014 00:03:27.804,1.49962,1.49762,2.0300,2.5400
03.01.2014 00:03:29.371,1.49965,1.49765,2.3800,1.1400
03.01.2014 00:03:30.703,1.49964,1.49764,1.6300,2.1000
03.01.2014 00:03:32.056,1.49965,1.49765,2.2300,2.7600
03.01.2014 00:03:33.511,1.49965,1.49765,1.8800,2.4000
03.01.2014 00:03:34.903,1.49966,1.49766,1.6900,1.1900
03.01.2014 00:03:36.315,1.49966,1.49766,2.7100,1.6200
03.01.2014 00:03:37.703,1.49968,1.49768,2.9500,1.0200
03.01.2014 00:03:39.074,1.49970,1.49770,2.4900,2.4000
03.01.2014 00:03:40.343,1.49969,1.49769,2.1100,2.2200
03.01.2014 00:03:41.616,1.49967,1.49767,1.8800,1.1300
03.01.2014 00:03:42.802,1.49968,1.49768,2.6700,2.3300
03.01.2014 00:03:44.172,1.49965,1.49765,2.0500,2.0100
03.01.2014 00:03:45.593,1.49967,1.49767,1.7000,1.3300
03.01.2014 00:03:46.932,1.49965,1.49765,2.0900,2.6100
03.01.2014 00:03:48.220,1.49962,1.49762,2.9300,1.4700
03.01.2014 00:03:49.797,1.49961,1.49761,2.3300,1.3600
03.01.2014 00:03:51.276,1.49962,1.49762,1.5400,1.0800
03.01.2014 00:03:52.605,1.49963,1.49763,1.5000,2.2000
03.01.2014 00:03:54.002,1.49963,1.49763,1.7600,2.2700
03.01.2014 00:03:55.475,1.49961,1.49761,1.6200,2.3900
03.01.2014 00:03:56.942,1.49960,1.49760,1.0300,1.3400
03.01.2014 00:03:58.212,1.49959,1.49759,2.8100,1.4500
03.01.2014 00:03:59.667,1.49961,1.49761,1.9900,2.5200
03.01.2014 00:04:01.057,1.49961,1.49761,2.6800,1.7500
03.01.2014 00:04:02.366,1.49958,1.49758,1.6100,2.9700
03.01.2014 00:04:03.742,1.49956,1.49756,2.2500,1.5600
03.01.2014 00:04:05.256,1.49954,1.49754,2.5700,1.1100
03.01.2014 00:04:06.806,1.49954,1.49754,1.9400,2.3500
03.01.2014 00:04:08.142,1.49951,1.49751,1.4800,2.2800
03.01.2014 00:04:09.540,1.49951,1.49751,1.1400,2.6800
03.01.2014 00:04:10.794,1.49949,1.49749,1.2100,2.6700
03.01.2014 00:04:12.163,1.49950,1.49750,2.3000,1.9200
03.01.2014 00:04:13.486,1.49951,1.49751,1.7400,1.9500
03.01.2014 00:04:14.863,1.49949,1.49749,1.0700,2.6800
03.01.2014 00:04:16.205,1.49953,1.49753,2.5400,2.7200
03.01.2014 00:04:17.659,1.49954,1.49754,1.2900,2.8000
03.01.2014 00:04:19.056,1.49957,1.49757,2.6500,1.9000
03.01.2014 00:04:20.386,1.49956,1.49756,1.7400,1.6200
03.01.2014 00:04:21.689,1.49958,1.49758,2.5300,1.0800
03.01.2014 00:04:23.204,1.49960,1.49760,1.1900,2.0500
03.01.2014 00:04:24.660,1.49958,1.49758,1.7600,1.1200
03.01.2014 00:04:26.111,1.49959,1.49759,1.1000,2.2100
03.01.2014 00:04:27.586,1.49959,1.49759,1.4100,2.4800
03.01.2014 00:04:29.041,1.49960,1.49760,1.2300,1.9600
03.01.2014 00:04:30.353,1.49960,1.49760,1.6700,2.1100
03.01.2014 00:04:31.779,1.49960,1.49760,2.3100,1.2900
03.01.2014 00:04:33.164,1.49963,1.49763,2.7300,2.4000
03.01.2014 00:04:34.569,1.49965,1.49765,1.8500,2.0900
03.01.2014 00:04:35.871,1.49965,1.49765,1.8000,2.8600
03.01.2014 00:04:37.203,1.49965,1.49765,1.9000,2.2600
03.01.2014 00:04:38.380,1.49964,1.49764,2.1600,2.9900
03.01.2014 00:04:39.612,1.49964,1.49764,1.5600,2.9900
03.01.2014 00:04:40.853,1.49964,1.49764,1.8300,2.3600
03.01.2014 00:04:42.461,1.49966,1.49766,1.4700,2.8700
03.01.2014 00:04:43.851,1.49968,1.49768,2.2200,1.2500
03.01.2014 00:04:45.396,1.49969,1.49769,2.9400,2.4700
03.01.2014 00:04:46.722,1.49969,1.49769,2.8900,1.2800
03.01.2014 00:04:47.978,1.49971,1.49771,1.0200,2.2900
03.01.2014 00:04:49.265,1.49972,1.49772,2.6600,1.3500
03.01.2014 00:04:50.631,1.49972,1.49772,2.6500,1.6400
03.01.2014 00:04:52.089,1.49974,1.49774,2.5500,1.4900
03.01.2014 00:04:53.431,1.49972,1.49772,2.7200,2.6900
03.01.2014 00:04:54.619,1.49973,1.49773,2.1300,2.0800
03.01.2014 00:04:55.871,1.49973,1.49773,2.0500,2.1700
03.01.2014 00:04:57.164,1.49974,1.49774,1.5700,1.9700
03.01.2014 00:04:58.533,1.49973,1.49773,1.2500,1.6400
03.01.2014 00:05:00.048,1.49974,1.49774,2.0700,2.3200
03.01.2014 00:05:01.573,1.49976,1.49776,1.7300,1.2200
03.01.2014 00:05:03.133,1.49971,1.49771,1.0400,2.8900
03.01.2014 00:05:04.612,1.49970,1.49770,2.4500,2.3800
03.01.2014 00:05:05.961,1.49969,1.49769,1.1500,1.3900
03.01.2014 00:05:07.451,1.49969,1.49769,1.4200,1.1000
03.01.2014 00:05:08.966,1.49971,1.49771,2.6400,1.7000
03.01.2014 00:05:10.409,1.49969,1.49769,1.7000,2.1600
03.01.2014 00:05:11.658,1.49967,1.49767,1.1500,1.7000
03.01.2014 00:05:13.020,1.49968,1.49768,1.9300,1.0500
03.01.2014 00:05:14.617,1.49966,1.49766,2.6000,2.8000
03.01.2014 00:05:15.916,1.49967,1.49767,2.3300,2.8700
03.01.2014 00:05:17.204,1.49965,1.49765,1.6200,1.7900
03.01.2014 00:05:18.756,1.49963,1.49763,2.4000,1.3100
03.01.2014 00:05:20.024,1.49965,1.49765,2.0700,2.2800
03.01.2014 00:05:21.552,1.49967,1.49767,1.3800,2.8600
03.01.2014 00:05:22.992,1.49968,1.49768,2.5400,1.6700
03.01.2014 00:05:24.368,1.49968,1.49768,1.3900,2.6000
03.01.2014 00:05:25.831,1.49970,1.49770,1.8400,1.1100
03.01.2014 00:05:27.325,1.49969,1.49769,1.8000,1.8900
03.01.2014 00:05:28.903,1.49971,1.49771,2.6300,1.1800
03.01.2014 00:05:30.145,1.49971,1.49771,1.6800,1.9400
03.01.2014 00:05:31.476,1.49971,1.49771,2.2800,1.2300
03.01.2014 00:05:32.741,1.49969,1.49769,1.9300,1.4300
03.01.2014 00:05:33.926,1.49968,1.49768,2.6900,1.5900
03.01.2014 00:05:35.452,1.49968,1.49768,1.3900,2.2500
03.01.2014 00:05:36.922,1.49965,1.49765,1.6500,1.6400
03.01.2014 00:05:38.170,1.49966,1.49766,1.5500,2.4800
03.01.2014 00:05:39.480,1.49965,1.49765,2.8700,2.9600
03.01.2014 00:05:40.848,1.49967,1.49767,2.2300,2.3500
03.01.2014 00:05:42.198,1.49965,1.49765,1.3900,1.9200
03.01.2014 00:05:43.624,1.49963,1.49763,2.5800,2.7800
03.01.2014 00:05:44.925,1.49963,1.49763,1.2700,1.1000
03.01.2014 00:05:46.328,1.49963,1.49763,2.0500,1.0700
03.01.2014 00:05:47.791,1.49965,1.49765,1.4700,1.0400
03.01.2014 00:05:49.239,1.49965,1.49765,2.1700,2.5700
03.01.2014 00:05:50.539,1.49965,1.49765,2.6700,1.4800
03.01.2014 00:05:51.870,1.49966,1.49766,2.1100,1.9700
03.01.2014 00:05:53.104,1.49967,1.49767,2.2700,1.3800
03.01.2014 00:05:54.320,1.49967,1.49767,1.5900,2.3600
03.01.2014 00:05:55.634,1.49966,1.49766,2.1300,2.1600
03.01.2014 00:05:57.121,1.49966,1.49766,2.8300,2.6000
03.01.2014 00:05:58.619,1.49969,1.49769,2.4200,1.0700
03.01.2014 00:05:59.954,1.49967,1.49767,2.7600,2.6700
03.01.2014 00:06:01.444,1.49964,1.49764,2.3100,1.9800
03.01.2014 00:06:02.760,1.49963,1.49763,2.0200,1.5100
03.01.2014 00:06:04.138,1.49964,1.49764,1.2800,2.0800
03.01.2014 00:06:05.625,1.49964,1.49764,1.8600,2.2000
03.01.2014 00:06:06.928,1.49962,1.49762,2.7300,1.2900
03.01.2014 00:06:08.282,1.49963,1.49763,1.3600,2.6500
03.01.2014 00:06:09.972,1.49962,1.49762,2.9000,2.3100
03.01.2014 00:06:11.368,1.49964,1.49764,1.1800,1.0100
03.01.2014 00:06:12.697,1.49965,1.49765,1.5100,2.4800
03.01.2014 00:06:14.168,1.49964,1.49764,2.6700,2.6200
03.01.2014 00:06:15.557,1.49964,1.49764,1.8500,1.1300
03.01.2014 00:06:17.023,1.49965,1.49765,2.2100,1.3500
03.01.2014 00:06:18.377,1.49966,1.49766,1.4100,1.8600
03.01.2014 00:06:19.799,1.49969,1.49769,1.8700,2.2300
03.01.2014 00:06:21.238,1.49969,1.49769,1.8200,1.2000
03.01.2014 00:06:22.513,1.49969,1.49769,1.8700,2.6300
03.01.2014 00:06:23.844,1.49968,1.49768,2.9400,2.6600
03.01.2014 00:06:25.168,1.49967,1.49767,2.0200,1.5400
03.01.2014 00:06:26.552,1.49967,1.49767,2.9100,1.9500
03.01.2014 00:06:27.897,1.49965,1.49765,2.4600,2.6100
03.01.2014 00:06:29.360,1.49964,1.49764,1.1500,1.0600
03.01.2014 00:06:30.814,1.49965,1.49765,1.4100,2.1200
03.01.2014 00:06:32.421,1.49963,1.49763,1.1900,2.1400
03.01.2014 00:06:33.947,1.49963,1.49763,1.0200,1.6300
03.01.2014 00:06:35.342,1.49961,1.49761,2.3100,1.2500
03.01.2014 00:06:36.724,1.49961,1.49761,2.8100,1.3000
03.01.2014 00:06:37.961,1.49960,1.49760,1.8900,2.3600
03.01.2014 00:06:39.252,1.49961,1.49761,1.5400,1.8900
03.01.2014 00:06:40.827,1.49963,1.49763,1.5900,2.0600
03.01.2014 00:06:42.187,1.49963,1.49763,2.6900,2.9500
03.01.2014 00:06:43.527,1.49965,1.49765,1.8400,2.4100
03.01.2014 00:06:44.956,1.49965,1.49765,2.8500,1.7900
03.01.2014 00:06:46.242,1.49964,1.49764,1.1800,2.2700
03.01.2014 00:06:47.527,1.49963,1.49763,1.5400,2.2100
03.01.2014 00:06:49.144,1.49965,1.49765,2.5100,1.1900
03.01.2014 00:06:50.500,1.49963,1.49763,1.7900,2.3200
03.01.2014 00:06:52.021,1.49965,1.49765,2.5100,1.6500
03.01.2014 00:06:53.512,1.49967,1.49767,1.4400,2.7100
03.01.2014 00:06:54.975,1.49965,1.49765,1.4400,2.7800
03.01.2014 00:06:56.339,1.49968,1.49768,2.5700,1.8600
03.01.2014 00:06:57.672,1.49967,1.49767,2.5100,2.2700
03.01.2014 00:06:59.053,1.49967,1.49767,1.3800,1.9900
03.01.2014 00:07:00.445,1.49966,1.49766,1.7300,1.1700
03.01.2014 00:07:01.866,1.49967,1.49767,2.7300,1.7400
03.01.2014 00:07:03.184,1.49964,1.49764,1.5800,1.3400
03.01.2014 00:07:04.548,1.49966,1.49766,2.0400,2.3300
03.01.2014 00:07:05.818,1.49965,1.49765,1.6800,2.4900
03.01.2014 00:07:07.260,1.49968,1.49768,2.7400,2.2600
03.01.2014 00:07:08.816,1.49968,1.49768,2.3900,1.7600
03.01.2014 00:07:10.299,1.49967,1.49767,1.8200,2.8900
03.01.2014 00:07:11.645,1.49966,1.49766,2.7800,2.1800
03.01.2014 00:07:13.153,1.49967,1.49767,2.7300,1.7000
03.01.2014 00:07:14.373,1.49967,1.49767,1.5000,1.4700
03.01.2014 00:07:15.685,1.49966,1.49766,1.6900,2.6900
03.01.2014 00:07:17.099,1.49965,1.49765,1.0800,1.0200
03.01.2014 00:07:18.394,1.49966,1.49766,1.1200,2.9100
03.01.2014 00:07:19.777,1.49966,1.49766,2.3600,1.0000
03.01.2014 00:07:21.226,1.49965,1.49765,1.6100,2.7600
03.01.2014 00:07:22.557,1.49964,1.49764,2.1100,2.2200
03.01.2014 00:07:23.940,1.49964,1.49764,1.5600,2.0700
03.01.2014 00:07:25.409,1.49962,1.49762,2.0000,1.2500
03.01.2014 00:07:26.671,1.49963,1.49763,1.3300,2.8800
03.01.2014 00:07:28.194,1.49963,1.49763,1.2100,1.9600
03.01.2014 00:07:29.454,1.49963,1.49763,2.4800,2.1400
03.01.2014 00:07:30.776,1.49963,1.49763,2.7400,2.9300
03.01.2014 00:07:32.124,1.49965,1.49765,1.3300,2.0200
03.01.2014 00:07:33.564,1.49965,1.49765,1.5600,2.2100
03.01.2014 00:07:34.865,1.49963,1.49763,1.0800,2.4500
03.01.2014 00:07:36.184,1.49964,1.49764,2.9200,2.5400
03.01.2014 00:07:37.840,1.49965,1.49765,1.7600,1.4300
03.01.2014 00:07:39.180,1.49967,1.49767,1.4000,2.6300
03.01.2014 00:07:40.640,1.49970,1.49770,1.4900,2.6600
03.01.2014 00:07:42.075,1.49969,1.49769,2.8900,1.4200
03.01.2014 00:07:43.618,1.49970,1.49770,1.6100,1.2200
03.01.2014 00:07:44.967,1.49971,1.49771,2.6400,1.5500
03.01.2014 00:07:46.207,1.49973,1.49773,2.8400,1.1600
03.01.2014 00:07:47.616,1.49976,1.49776,2.1500,1.5400
03.01.2014 00:07:49.052,1.49976,1.49776,1.8300,2.3900
03.01.2014 00:07:50.506,1.49976,1.49776,1.2700,2.8300
03.01.2014 00:07:51.788,1.49973,1.49773,1.0500,2.0200
03.01.2014 00:07:53.413,1.49977,1.49777,2.9300,1.5200
03.01.2014 00:07:54.651,1.49976,1.49776,1.4400,2.3700
03.01.2014 00:07:55.922,1.49979,1.49779,1.7400,2.6500
03.01.2014 00:07:57.387,1.49980,1.49780,1.8600,1.7800
03.01.2014 00:07:58.811,1.49981,1.49781,1.6800,2.6600
03.01.2014 00:08:00.077,1.49982,1.49782,1.0400,1.7800
03.01.2014 00:08:01.521,1.49981,1.49781,2.6900,2.2600
03.01.2014 00:08:02.999,1.49979,1.49779,1.3700,2.7500
03.01.2014 00:08:04.472,1.49981,1.49781,2.1200,1.4800
03.01.2014 00:08:05.629,1.49981,1.49781,1.1700,1.1700
03.01.2014 00:08:07.027,1.49981,1.49781,2.8300,2.0500
03.01.2014 00:08:08.331,1.49978,1.49778,2.4400,1.1800
03.01.2014 00:08:09.797,1.49975,1.49775,1.3100,2.7500
03.01.2014 00:08:11.141,1.49970,1.49770,2.6700,1.7700
03.01.2014 00:08:12.487,1.49971,1.49771,2.4900,2.5200
03.01.2014 00:08:13.992,1.49968,1.49768,1.6500,2.7700
03.01.2014 00:08:15.594,1.49968,1.49768,2.9500,2.0600
03.01.2014 00:08:16.963,1.49967,1.49767,2.3700,1.6600
03.01.2014 00:08:18.270,1.49965,1.49765,1.5500,2.8700
03.01.2014 00:08:19.643,1.49964,1.49764,1.3900,2.8400
03.01.2014 00:08:21.022,1.49965,1.49765,2.6900,1.2800
03.01.2014 00:08:22.520,1.49966,1.49766,2.7400,2.0900
03.01.2014 00:08:23.918,1.49969,1.49769,1.3800,1.9300
03.01.2014 00:08:25.321,1.49972,1.49772,2.0600,2.9300
03.01.2014 00:08:26.744,1.49972,1.49772,1.9300,1.9200
03.01.2014 00:08:28.132,1.49974,1.49774,2.1500,1.0500
03.01.2014 00:08:29.545,1.49972,1.49772,2.3400,1.8600
03.01.2014 00:08:30.972,1.49974,1.49774,1.2700,2.8700
03.01.2014 00:08:32.456,1.49973,1.49773,1.9600,2.5300
03.01.2014 00:08:34.039,1.49974,1.49774,1.1000,1.5300
03.01.2014 00:08:35.295,1.49973,1.49773,1.7800,2.2100
03.01.2014 00:08:36.511,1.49974,1.49774,2.5800,1.9500
03.01.2014 00:08:37.930,1.49973,1.49773,1.1700,1.7000
03.01.2014 00:08:39.333,1.49971,1.49771,1.9600,1.1800
03.01.2014 00:08:40.722,1.49972,1.49772,1.0500,2.9300
03.01.2014 00:08:42.020,1.49971,1.49771,2.5300,1.4800
03.01.2014 00:08:43.395,1.49970,1.49770,2.6900,2.7300
03.01.2014 00:08:44.816,1.49971,1.49771,2.4600,2.6500
03.01.2014 00:08:46.177,1.49968,1.49768,2.8900,1.9000
03.01.2014 00:08:47.637,1.49968,1.49768,2.2300,2.9300
03.01.2014 00:08:49.045,1.49966,1.49766,2.2900,1.4700
03.01.2014 00:08:50.480,1.49964,1.49764,1.7800,1.5700
03.01.2014 00:08:52.111,1.49962,1.49762,1.3700,1.3200
03.01.2014 00:08:53.357,1.49961,1.49761,2.8700,2.0600
03.01.2014 00:08:54.720,1.49960,1.49760,2.5400,1.2200
03.01.2014 00:08:55.933,1.49962,1.49762,1.5100,2.0200
03.01.2014 00:08:57.270,1.49961,1.49761,1.0100,2.4000
03.01.2014 00:08:58.683,1.49964,1.49764,1.5500,2.7100
03.01.2014 00:09:00.136,1.49965,1.49765,2.9300,2.0200
03.01.2014 00:09:01.629,1.49966,1.49766,1.2600,1.6300
03.01.2014 00:09:02.860,1.49965,1.49765,2.1500,2.0700
03.01.2014 00:09:04.144,1.49970,1.49770,2.5800,2.8300
03.01.2014 00:09:05.573,1.49969,1.49769,2.5900,1.4200
03.01.2014 00:09:06.873,1.49972,1.49772,1.6700,1.9300
03.01.2014 00:09:08.395,1.49970,1.49770,1.0500,1.2900
03.01.2014 00:09:09.785,1.49970,1.49770,1.9600,2.6700
03.01.2014 00:09:11.181,1.49968,1.49768,2.1900,2.2800
03.01.2014 00:09:12.535,1.49968,1.49768,2.1500,1.9300
03.01.2014 00:09:13.978,1.49970,1.49770,1.6500,1.0600
03.01.2014 00:09:15.448,1.49970,1.49770,1.1300,2.6000
03.01.2014 00:09:16.839,1.49970,1.49770,2.2600,2.8500
03.01.2014 00:09:18.138,1.49974,1.49774,1.8300,2.9300
03.01.2014 00:09:19.671,1.49976,1.49776,2.4800,1.4100
03.01.2014 00:09:21.075,1.49977,1.49777,2.6300,2.4500
03.01.2014 00:09:22.579,1.49973,1.49773,1.7100,2.3400
03.01.2014 00:09:23.945,1.49974,1.49774,2.9800,2.9200
03.01.2014 00:09:25.484,1.49974,1.49774,1.8800,2.1100
03.01.2014 00:09:26.798,1.49975,1.49775,1.3500,2.9000
03.01.2014 00:09:28.148,1.49977,1.49777,1.6400,2.2400
03.01.2014 00:09:29.556,1.49980,1.49780,2.9900,2.7100
03.01.2014 00:09:30.928,1.49979,1.49779,2.5400,2.2600
03.01.2014 00:09:32.441,1.49979,1.49779,1.2500,2.3300
03.01.2014 00:09:34.141,1.49975,1.49775,1.0800,1.8800
03.01.2014 00:09:35.426,1.49979,1.49779,1.6400,2.2400
03.01.2014 00:09:36.778,1.49981,1.49781,1.9000,2.1000
03.01.2014 00:09:38.197,1.49982,1.49782,2.7700,1.8300
03.01.2014 00:09:39.524,1.49981,1.49781,1.9800,1.0500
03.01.2014 00:09:41.052,1.49982,1.49782,1.4400,2.4900
03.01.2014 00:09:42.352,1.49982,1.49782,2.6900,2.6600
03.01.2014 00:09:43.688,1.49983,1.49783,2.0900,2.8300
03.01.2014 00:09:45.301,1.49982,1.49782,1.0100,1.9300
03.01.2014 00:09:46.961,1.49981,1.49781,2.8400,2.9900
03.01.2014 00:09:48.341,1.49982,1.49782,2.0900,1.7500
03.01.2014 00:09:49.589,1.49982,1.49782,2.1200,2.0200
03.01.2014 00:09:51.101,1.49982,1.49782,1.3300,1.3700
03.01.2014 00:09:52.584,1.49980,1.49780,2.9300,2.6700
03.01.2014 00:09:54.139,1.49982,1.49782,2.2500,2.0800
03.01.2014 00:09:55.392,1.49983,1.49783,2.9800,2.4200
03.01.2014 00:09:56.705,1.49985,1.49785,1.8500,2.8300
03.01.2014 00:09:58.129,1.49984,1.49784,2.7700,1.8900
03.01.2014 00:09:59.580,1.49984,1.49784,2.2100,1.7400
03.01.2014 00:10:00.918,1.49982,1.49782,1.7300,2.2900
03.01.2014 00:10:02.297,1.49983,1.49783,1.9100,2.2400
03.01.2014 00:10:03.773,1.49984,1.49784,2.3400,1.7300
03.01.2014 00:10:05.132,1.49985,1.49785,2.4700,2.7700
03.01.2014 00:10:06.501,1.49987,1.49787,2.6900,1.9400
03.01.2014 00:10:07.946,1.49989,1.49789,1.0900,1.4700
03.01.2014 00:10:09.492,1.49988,1.49788,2.0100,1.9000
03.01.2014 00:10:10.908,1.49989,1.49789,1.9000,2.4100
03.01.2014 00:10:12.393,1.49991,1.49791,2.0800,2.9300
03.01.2014 00:10:13.831,1.49996,1.49796,2.2500,2.0800
03.01.2014 00:10:15.250,1.49999,1.49799,2.2800,2.0200
03.01.2014 00:10:16.840,1.50000,1.49800,2.7900,2.9000
03.01.2014 00:10:18.374,1.49999,1.49799,1.9600,1.9500
03.01.2014 00:10:19.757,1.50000,1.49800,1.2300,1.3400
03.01.2014 00:10:21.260,1.49996,1.49796,1.0500,2.0000
03.01.2014 00:10:22.780,1.49995,1.49795,1.0100,1.4900
03.01.2014 00:10:24.081,1.49997,1.49797,2.4400,1.3000
03.01.2014 00:10:25.428,1.49996,1.49796,2.9900,2.9900
03.01.2014 00:10:26.770,1.49995,1.49795,1.2600,1.7100
03.01.2014 00:10:28.184,1.49996,1.49796,2.8600,1.6400
03.01.2014 00:10:29.581,1.49995,1.49795,1.3900,2.0100
03.01.2014 00:10:30.951,1.49993,1.49793,1.8300,2.7700
03.01.2014 00:10:32.420,1.49992,1.49792,1.5100,1.8200
03.01.2014 00:10:33.965,1.49991,1.49791,2.2600,1.4300
03.01.2014 00:10:35.318,1.49990,1.49790,2.4000,1.3200
03.01.2014 00:10:36.624,1.49993,1.49793,2.8700,2.7600
03.01.2014 00:10:38.061,1.49994,1.49794,1.7200,2.6400
03.01.2014 00:10:39.354,1.49993,1.49793,1.1600,2.3400
03.01.2014 00:10:40.824,1.49995,1.49795,2.7700,1.9400
03.01.2014 00:10:42.335,1.49993,1.49793,1.6500,2.9100
03.01.2014 00:10:43.606,1.49994,1.49794,1.6700,1.7700
03.01.2014 00:10:44.925,1.49996,1.49796,1.9000,1.2600
03.01.2014 00:10:46.344,1.50000,1.49800,2.6000,1.6400
03.01.2014 00:10:47.680,1.50001,1.49801,1.4000,1.7300
03.01.2014 00:10:48.984,1.50001,1.49801,1.3800,2.6500
03.01.2014 00:10:50.492,1.49997,1.49797,2.8100,1.6900
03.01.2014 00:10:52.070,1.49997,1.49797,2.5000,1.9100
03.01.2014 00:10:53.405,1.49997,1.49797,1.0900,2.4700
03.01.2014 00:10:54.805,1.49996,1.49796,2.9000,2.4600
03.01.2014 00:10:56.145,1.49995,1.49795,2.0100,2.1700
03.01.2014 00:10:57.426,1.49996,1.49796,1.1500,1.7400
03.01.2014 00:10:58.837,1.49996,1.49796,2.8700,1.2000
03.01.2014 00:11:00.334,1.49998,1.49798,1.0800,2.4600
03.01.2014 00:11:01.808,1.49999,1.49799,2.3200,1.9900
03.01.2014 00:11:03.235,1.50000,1.49800,1.3900,2.3600
03.01.2014 00:11:04.651,1.49997,1.49797,2.8500,2.7600
03.01.2014 00:11:06.098,1.49996,1.49796,2.8000,1.7200
03.01.2014 00:11:07.536,1.49995,1.49795,1.8400,2.8200
03.01.2014 00:11:09.095,1.49995,1.49795,2.4700,2.4900
03.01.2014 00:11:10.530,1.49994,1.49794,1.9800,1.8900
03.01.2014 00:11:11.981,1.49995,1.49795,2.3600,2.4000
03.01.2014 00:11:13.372,1.49996,1.49796,2.7500,2.9200
03.01.2014 00:11:14.762,1.49994,1.49794,2.6300,1.7600
03.01.2014 00:11:16.115,1.49995,1.49795,2.0100,1.0900
03.01.2014 00:11:17.547,1.49995,1.49795,1.3200,1.0400
03.01.2014 00:11:18.839,1.49997,1.49797,1.5700,1.8500
03.01.2014 00:11:20.213,1.49996,1.49796,1.0400,2.0400
03.01.2014 00:11:21.471,1.49997,1.49797,1.3900,1.0400
03.01.2014 00:11:22.868,1.49996,1.49796,1.1200,1.8700
03.01.2014 00:11:24.304,1.49996,1.49796,2.5500,2.1700
03.01.2014 00:11:25.681,1.49997,1.49797,1.8500,2.5200
03.01.2014 00:11:26.958,1.49998,1.49798,1.8100,2.0700
03.01.2014 00:11:28.342,1.50001,1.49801,2.0700,1.5400
03.01.2014 00:11:29.829,1.50000,1.49800,1.4700,2.0300
03.01.2014 00:11:31.201,1.49998,1.49798,1.6500,1.1500
03.01.2014 00:11:32.507,1.50000,1.49800,2.8400,2.4600
03.01.2014 00:11:33.904,1.49998,1.49798,2.3000,1.2700
03.01.2014 00:11:35.270,1.49999,1.49799,1.1200,2.2700
03.01.2014 00:11:36.633,1.50000,1.49800,1.9600,1.8000
03.01.2014 00:11:37.826,1.50001,1.49801,1.8600,2.0100
03.01.2014 00:11:39.394,1.49999,1.49799,2.8800,2.4400
03.01.2014 00:11:40.946,1.49999,1.49799,1.7700,2.5500
03.01.2014 00:11:42.344,1.49999,1.49799,1.4400,1.8100
03.01.2014 00:11:43.733,1.50000,1.49800,2.7700,1.7800
03.01.2014 00:11:45.105,1.50004,1.49804,1.9700,2.2500
03.01.2014 00:11:46.406,1.50004,1.49804,1.5300,2.7600
03.01.2014 00:11:47.689,1.50003,1.49803,2.6500,2.6800
03.01.2014 00:11:49.161,1.50006,1.49806,2.1700,2.3400
03.01.2014 00:11:50.560,1.50007,1.49807,2.9300,2.9300
03.01.2014 00:11:52.045,1.50004,1.49804,1.4500,2.3200
03.01.2014 00:11:53.528,1.50006,1.49806,2.6100,1.3600
03.01.2014 00:11:54.893,1.50004,1.49804,2.4900,2.1700
03.01.2014 00:11:56.296,1.50004,1.49804,1.0100,2.4700
03.01.2014 00:11:57.597,1.50006,1.49806,2.9600,1.3100
03.01.2014 00:11:58.983,1.50007,1.49807,1.1100,2.0300
03.01.2014 00:12:00.278,1.50007,1.49807,2.5800,1.7800
03.01.2014 00:12:01.813,1.50009,1.49809,2.8000,2.8600
03.01.2014 00:12:03.276,1.50008,1.49808,1.5600,1.1200
03.01.2014 00:12:04.648,1.50010,1.49810,1.0700,2.3900
03.01.2014 00:12:06.045,1.50010,1.49810,1.2800,1.4200
03.01.2014 00:12:07.512,1.50014,1.49814,1.0900,2.1800
03.01.2014 00:12:08.878,1.50013,1.49813,1.7900,1.7900
03.01.2014 00:12:10.207,1.50013,1.49813,1.7700,2.6800
03.01.2014 00:12:11.575,1.50015,1.49815,2.7900,2.5000
03.01.2014 00:12:12.778,1.50015,1.49815,1.8100,2.5600
03.01.2014 00:12:14.067,1.50014,1.49814,1.5600,1.4400
03.01.2014 00:12:15.354,1.50017,1.49817,2.8400,2.9200
03.01.2014 00:12:16.765,1.50017,1.49817,2.8600,2.0300
03.01.2014 00:12:18.218,1.50017,1.49817,1.7700,2.2700
03.01.2014 00:12:19.604,1.50018,1.49818,2.2400,1.4900
03.01.2014 00:12:20.901,1.50017,1.49817,1.4200,1.0200
03.01.2014 00:12:22.337,1.50016,1.49816,2.9600,2.5500
03.01.2014 00:12:23.718,1.50014,1.49814,2.5000,2.3900
03.01.2014 00:12:25.186,1.50014,1.49814,1.5200,1.3700
03.01.2014 00:12:26.541,1.50016,1.49816,1.4300,1.2400
03.01.2014 00:12:28.059,1.50015,1.49815,1.8600,1.9400
03.01.2014 00:12:29.486,1.50014,1.49814,1.4600,2.0600
03.01.2014 00:12:30.997,1.50013,1.49813,1.3600,1.0600
03.01.2014 00:12:32.349,1.50011,1.49811,1.7000,2.3100
03.01.2014 00:12:33.848,1.50009,1.49809,2.2000,2.9800
03.01.2014 00:12:35.309,1.50010,1.49810,1.4700,2.0200
03.01.2014 00:12:36.664,1.50009,1.49809,1.0700,2.8500
03.01.2014 00:12:38.045,1.50008,1.49808,1.4900,2.2000
03.01.2014 00:12:39.417,1.50009,1.49809,2.5700,1.1000
03.01.2014 00:12:40.758,1.50008,1.49808,1.4600,1.6000
03.01.2014 00:12:42.139,1.50008,1.49808,1.0400,1.3300
03.01.2014 00:12:43.474,1.50006,1.49806,1.2000,1.3500
03.01.2014 00:12:44.764,1.50009,1.49809,1.3600,1.6100
03.01.2014 00:12:46.200,1.50006,1.49806,2.2300,3.0000
03.01.2014 00:12:47.591,1.50006,1.49806,1.5900,1.0100
03.01.2014 00:12:48.774,1.50008,1.49808,1.6200,2.2600
03.01.2014 00:12:50.052,1.50010,1.49810,1.5100,2.5000
03.01.2014 00:12:51.521,1.50011,1.49811,2.1600,1.4100
03.01.2014 00:12:52.943,1.50009,1.49809,1.6400,1.3300
03.01.2014 00:12:54.371,1.50009,1.49809,1.5800,1.4100
03.01.2014 00:12:55.540,1.50009,1.49809,2.5400,2.6000
03.01.2014 00:12:56.827,1.50009,1.49809,1.4400,1.8500
03.01.2014 00:12:58.141,1.50007,1.49807,1.5200,2.3100
03.01.2014 00:12:59.523,1.50007,1.49807,1.2500,1.3700
03.01.2014 00:13:01.158,1.50004,1.49804,1.6800,2.2100
03.01.2014 00:13:02.561,1.50002,1.49802,1.1900,1.6800
03.01.2014 00:13:04.095,1.50001,1.49801,1.4700,1.6200
03.01.2014 00:13:05.350,1.50002,1.49802,2.5100,1.8400
03.01.2014 00:13:06.659,1.50004,1.49804,2.8200,1.4400
03.01.2014 00:13:08.274,1.50008,1.49808,2.3500,1.4500
03.01.2014 00:13:09.583,1.50005,1.49805,2.9900,1.1800
03.01.2014 00:13:10.953,1.50005,1.49805,1.8800,2.1900
03.01.2014 00:13:12.543,1.50004,1.49804,1.4700,2.1700
03.01.2014 00:13:14.075,1.50010,1.49810,2.1800,1.7400
03.01.2014 00:13:15.349,1.50012,1.49812,1.3800,1.7100
03.01.2014 00:13:16.796,1.50012,1.49812,2.5400,2.5900
03.01.2014 00:13:18.381,1.50011,1.49811,1.8500,1.3100
03.01.2014 00:13:19.551,1.50008,1.49808,2.9400,2.1800
03.01.2014 00:13:20.815,1.50008,1.49808,1.9000,2.4800
03.01.2014 00:13:22.187,1.50005,1.49805,1.5100,1.5100
03.01.2014 00:13:23.602,1.50004,1.49804,1.5000,1.1500
03.01.2014 00:13:24.891,1.50005,1.49805,2.3500,1.3100
03.01.2014 00:13:26.057,1.50006,1.49806,1.4300,2.8500
03.01.2014 00:13:27.279,1.50006,1.49806,1.2100,1.1400
03.01.2014 00:13:28.511,1.50007,1.49807,1.1900,2.3100
03.01.2014 00:13:29.880,1.50010,1.49810,1.2100,1.2100
03.01.2014 00:13:31.249,1.50012,1.49812,2.7300,1.0800
03.01.2014 00:13:32.592,1.50011,1.49811,2.2400,1.5200
03.01.2014 00:13:34.149,1.50011,1.49811,2.2000,2.7400
03.01.2014 00:13:35.549,1.50012,1.49812,1.7300,2.9800
03.01.2014 00:13:36.859,1.50010,1.49810,1.8200,2.4200
03.01.2014 00:13:38.258,1.50010,1.49810,2.7900,2.3700
03.01.2014 00:13:39.811,1.50009,1.49809,2.4000,2.2900
03.01.2014 00:13:41.179,1.50010,1.49810,2.3400,2.6400
03.01.2014 00:13:42.534,1.50011,1.49811,2.9000,2.8600
03.01.2014 00:13:43.870,1.50010,1.49810,1.3300,2.4600
03.01.2014 00:13:45.399,1.50012,1.49812,1.1700,2.4200
03.01.2014 00:13:46.667,1.50014,1.49814,2.5800,2.9600
03.01.2014 00:13:48.147,1.50014,1.49814,1.7800,2.6100
03.01.2014 00:13:49.508,1.50015,1.49815,1.4700,1.4400
03.01.2014 00:13:50.923,1.50015,1.49815,1.9100,1.8600
03.01.2014 00:13:52.244,1.50016,1.49816,1.5200,2.7100
03.01.2014 00:13:53.562,1.50015,1.49815,1.4000,2.0100
03.01.2014 00:13:55.082,1.50015,1.49815,2.5600,2.5400
03.01.2014 00:13:56.532,1.50017,1.49817,1.1900,1.4200
03.01.2014 00:13:57.933,1.50017,1.49817,2.4900,1.3400
03.01.2014 00:13:59.168,1.50017,1.49817,1.7600,2.3300
03.01.2014 00:14:00.441,1.50017,1.49817,2.1400,1.1000
03.01.2014 00:14:01.732,1.50019,1.49819,1.3000,1.4000
03.01.2014 00:14:03.081,1.50016,1.49816,2.1600,1.0700
03.01.2014 00:14:04.353,1.50015,1.49815,1.7600,2.1200
03.01.2014 00:14:05.762,1.50015,1.49815,2.9000,2.4700
03.01.2014 00:14:07.100,1.50016,1.49816,2.8700,1.9700
03.01.2014 00:14:08.560,1.50012,1.49812,2.1600,2.5800
03.01.2014 00:14:09.840,1.50011,1.49811,2.6400,1.9000
03.01.2014 00:14:11.268,1.50009,1.49809,1.1000,2.6200
03.01.2014 00:14:12.642,1.50013,1.49813,2.8300,2.9300
03.01.2014 00:14:14.041,1.50012,1.49812,2.0600,1.7000
03.01.2014 00:14:15.287,1.50011,1.49811,2.9300,1.3500
03.01.2014 00:14:16.602,1.50008,1.49808,2.1400,1.1500
03.01.2014 00:14:17.949,1.50007,1.49807,1.2100,2.9600
03.01.2014 00:14:19.430,1.50007,1.49807,1.5500,1.5200
03.01.2014 00:14:20.757,1.50004,1.49804,1.6600,1.1400
03.01.2014 00:14:22.047,1.50007,1.49807,2.2600,1.4300
03.01.2014 00:14:23.463,1.50007,1.49807,1.2000,1.8100
03.01.2014 00:14:24.734,1.50007,1.49807,2.2300,1.9100
03.01.2014 00:14:26.144,1.50005,1.49805,2.5800,2.3400
03.01.2014 00:14:27.587,1.50005,1.49805,1.2700,2.1000
03.01.2014 00:14:29.071,1.50006,1.49806,2.6900,1.3300
03.01.2014 00:14:30.599,1.50006,1.49806,2.6500,2.7300
03.01.2014 00:14:31.983,1.50007,1.49807,2.1600,1.6000
03.01.2014 00:14:33.507,1.50008,1.49808,1.9700,2.5300
03.01.2014 00:14:34.833,1.50008,1.49808,2.4600,2.1600
03.01.2014 00:14:36.130,1.50007,1.49807,2.5400,2.3800
03.01.2014 00:14:37.682,1.50009,1.49809,2.3500,2.0100
03.01.2014 00:14:38.990,1.50012,1.49812,2.4700,1.5600
03.01.2014 00:14:40.302,1.50013,1.49813,1.8300,1.0200
03.01.2014 00:14:41.836,1.50013,1.49813,2.8400,2.7600
03.01.2014 00:14:43.142,1.50015,1.49815,1.6600,1.0900
03.01.2014 00:14:44.751,1.50015,1.49815,1.1100,1.8800
03.01.2014 00:14:46.049,1.50018,1.49818,2.8300,1.2800
03.01.2014 00:14:47.361,1.50018,1.49818,1.6900,1.2700
03.01.2014 00:14:48.582,1.50018,1.49818,1.0400,1.8000
03.01.2014 00:14:49.937,1.50016,1.49816,2.9800,1.5700
03.01.2014 00:14:51.208,1.50018,1.49818,2.0900,1.4100
03.01.2014 00:14:52.524,1.50016,1.49816,1.3200,1.7600
03.01.2014 00:14:53.816,1.50015,1.49815,2.4400,2.4100
03.01.2014 00:14:55.326,1.50016,1.49816,2.6800,2.1500
03.01.2014 00:14:56.854,1.50014,1.49814,2.8300,1.8800
03.01.2014 00:14:57.991,1.50013,1.49813,2.3200,2.8600
03.01.2014 00:14:59.310,1.50012,1.49812,2.7700,2.9500
03.01.2014 00:15:00.494,1.50012,1.49812,2.7100,1.4400
03.01.2014 00:15:01.955,1.50009,1.49809,1.6200,2.7300
03.01.2014 00:15:03.239,1.50009,1.49809,2.3300,1.1800
03.01.2014 00:15:04.845,1.50009,1.49809,2.4200,2.7900
03.01.2014 00:15:06.080,1.50009,1.49809,1.4500,1.6400
03.01.2014 00:15:07.356,1.50009,1.49809,2.2500,1.7900
03.01.2014 00:15:08.816,1.50008,1.49808,2.1600,2.4100
03.01.2014 00:15:10.236,1.50008,1.49808,2.0700,1.9400
03.01.2014 00:15:11.551,1.50008,1.49808,2.9400,1.4200
03.01.2014 00:15:12.755,1.50008,1.49808,2.6200,1.6400
03.01.2014 00:15:14.138,1.50010,1.49810,1.6100,1.8700
03.01.2014 00:15:15.556,1.50009,1.49809,2.6000,2.4000
03.01.2014 00:15:16.877,1.50012,1.49812,1.2900,1.0500
03.01.2014 00:15:18.359,1.50013,1.49813,2.7900,2.1200
03.01.2014 00:15:19.879,1.50010,1.49810,1.7700,1.6800
03.01.2014 00:15:21.257,1.50009,1.49809,2.4100,2.0500
03.01.2014 00:15:22.746,1.50007,1.49807,1.2100,2.4600
03.01.2014 00:15:24.097,1.50007,1.49807,2.2700,2.4500
03.01.2014 00:15:25.428,1.50007,1.49807,1.5000,1.7100
03.01.2014 00:15:26.925,1.50009,1.49809,1.9300,1.0400
03.01.2014 00:15:28.249,1.50010,1.49810,1.3400,2.9000
03.01.2014 00:15:29.520,1.50010,1.49810,2.8000,2.9200
03.01.2014 00:15:30.899,1.50009,1.49809,2.9800,1.6700
03.01.2014 00:15:32.307,1.50011,1.49811,2.8400,2.7800
03.01.2014 00:15:33.761,1.50013,1.49813,2.9200,1.2900
03.01.2014 00:15:35.287,1.50012,1.49812,2.9000,2.0400
03.01.2014 00:15:36.681,1.50012,1.49812,2.6300,1.9400
03.01.2014 00:15:38.119,1.50012,1.49812,2.5000,1.8100
03.01.2014 00:15:39.362,1.50013,1.49813,2.9500,1.7200
03.01.2014 00:15:40.682,1.50010,1.49810,2.5600,2.4800
03.01.2014 00:15:42.079,1.50011,1.49811,2.0900,1.0700
03.01.2014 00:15:43.431,1.50009,1.49809,2.7700,2.0900
03.01.2014 00:15:44.891,1.50009,1.49809,1.3500,1.4800
03.01.2014 00:15:46.152,1.50008,1.49808,1.7400,2.4900
03.01.2014 00:15:47.523,1.50008,1.49808,1.1500,2.2700
03.01.2014 00:15:48.911,1.50008,1.49808,2.3700,1.5600
03.01.2014 00:15:50.458,1.50006,1.49806,1.6900,1.9500
03.01.2014 00:15:52.014,1.50007,1.49807,1.6900,1.2600
03.01.2014 00:15:53.404,1.50005,1.49805,1.2200,1.7000
03.01.2014 00:15:54.715,1.50005,1.49805,1.2100,2.5900
03.01.2014 00:15:55.994,1.50004,1.49804,3.0000,2.3900
03.01.2014 00:15:57.458,1.50006,1.49806,1.2200,1.7600
03.01.2014 00:15:58.822,1.50007,1.49807,2.2100,1.5700
03.01.2014 00:16:00.283,1.50005,1.49805,1.4000,2.9100
03.01.2014 00:16:01.684,1.50006,1.49806,2.9400,1.7300
03.01.2014 00:16:03.153,1.50005,1.49805,2.0500,1.3500
03.01.2014 00:16:04.497,1.50005,1.49805,1.8900,1.6600
03.01.2014 00:16:05.876,1.50003,1.49803,2.3000,2.1500
03.01.2014 00:16:07.222,1.50002,1.49802,1.7400,2.3900
03.01.2014 00:16:08.797,1.50001,1.49801,2.9200,2.5700
03.01.2014 00:16:10.145,1.50001,1.49801,1.6400,2.1200
03.01.2014 00:16:11.478,1.50000,1.49800,1.3700,1.7700
03.01.2014 00:16:12.947,1.50002,1.49802,1.8200,2.1700
03.01.2014 00:16:14.645,1.50003,1.49803,1.2400,1.1200
03.01.2014 00:16:16.014,1.50002,1.49802,1.3500,2.2000
03.01.2014 00:16:17.345,1.50001,1.49801,2.9400,2.3400
03.01.2014 00:16:18.552,1.50001,1.49801,1.0300,2.6200
03.01.2014 00:16:20.052,1.49997,1.49797,1.1900,2.1700
03.01.2014 00:16:21.443,1.50000,1.49800,2.0100,2.0800
03.01.2014 00:16:22.968,1.50000,1.49800,1.9400,2.0000
03.01.2014 00:16:24.528,1.49999,1.49799,1.7700,2.5900
03.01.2014 00:16:25.857,1.49996,1.49796,2.3400,1.1600
03.01.2014 00:16:27.236,1.49997,1.49797,1.3700,2.8000
03.01.2014 00:16:28.547,1.49995,1.49795,1.1300,2.7200
03.01.2014 00:16:29.860,1.49994,1.49794,2.0600,2.6400
03.01.2014 00:16:31.296,1.49994,1.49794,1.4500,1.8100
03.01.2014 00:16:32.681,1.49993,1.49793,1.3400,1.8600
03.01.2014 00:16:34.206,1.49993,1.49793,1.8800,1.6400
03.01.2014 00:16:35.761,1.49993,1.49793,1.2200,2.8500
03.01.2014 00:16:37.125,1.49991,1.49791,2.1000,1.1100
03.01.2014 00:16:38.450,1.49991,1.49791,1.7500,1.0200
03.01.2014 00:16:39.960,1.49989,1.49789,1.0200,1.0500
03.01.2014 00:16:41.475,1.49989,1.49789,1.4000,2.6200
03.01.2014 00:16:43.021,1.49991,1.49791,1.1900,1.7600
03.01.2014 00:16:44.393,1.49989,1.49789,1.1800,2.1700
03.01.2014 00:16:45.870,1.49987,1.49787,2.5200,2.9500
03.01.2014 00:16:47.269,1.49986,1.49786,2.3200,2.6500
03.01.2014 00:16:48.676,1.49984,1.49784,2.9200,1.3000
03.01.2014 00:16:50.152,1.49983,1.49783,1.0400,2.6800
03.01.2014 00:16:51.661,1.49983,1.49783,1.2000,1.9500
03.01.2014 00:16:52.960,1.49985,1.49785,2.0400,1.1700
03.01.2014 00:16:54.403,1.49984,1.49784,1.0200,2.1800
03.01.2014 00:16:55.933,1.49984,1.49784,1.4100,1.6900
03.01.2014 00:16:57.178,1.49985,1.49785,1.2900,1.6300
03.01.2014 00:16:58.463,1.49986,1.49786,2.0700,2.1800
03.01.2014 00:16:59.985,1.49989,1.49789,2.0800,1.5500
03.01.2014 00:17:01.244,1.49992,1.49792,1.3600,3.0000
03.01.2014 00:17:02.678,1.49993,1.49793,2.9100,2.0400
03.01.2014 00:17:04.108,1.49992,1.49792,1.4700,2.2800
03.01.2014 00:17:05.472,1.49994,1.49794,1.1900,1.8200
03.01.2014 00:17:07.060,1.49996,1.49796,1.1100,2.8600
03.01.2014 00:17:08.537,1.49995,1.49795,2.9900,1.8700
03.01.2014 00:17:09.893,1.49996,1.49796,2.7100,2.4600
03.01.2014 00:17:11.378,1.49999,1.49799,2.0200,1.9000
03.01.2014 00:17:12.577,1.49999,1.49799,2.9000,1.7000
03.01.2014 00:17:14.049,1.50000,1.49800,2.6000,1.9000
03.01.2014 00:17:15.668,1.49999,1.49799,2.1900,2.6000
03.01.2014 00:17:17.039,1.49999,1.49799,2.6000,2.9400
03.01.2014 00:17:18.299,1.50001,1.49801,2.3800,1.0400
03.01.2014 00:17:19.678,1.50000,1.49800,2.5500,2.8300
03.01.2014 00:17:21.019,1.50000,1.49800,1.2300,1.4200
03.01.2014 00:17:22.455,1.50000,1.49800,2.0100,2.3200
03.01.2014 00:17:23.804,1.50002,1.49802,2.8600,1.1500
03.01.2014 00:17:25.293,1.50001,1.49801,1.7900,1.2900
03.01.2014 00:17:26.772,1.50002,1.49802,1.2200,2.3100
03.01.2014 00:17:28.283,1.50001,1.49801,1.5300,1.0000
03.01.2014 00:17:29.625,1.50003,1.49803,1.6200,1.6000
03.01.2014 00:17:31.030,1.50002,1.49802,1.2100,1.6200
03.01.2014 00:17:32.420,1.50001,1.49801,1.3900,1.1800
03.01.2014 00:17:33.954,1.50000,1.49800,2.9000,1.8600
03.01.2014 00:17:35.277,1.50002,1.49802,2.1100,2.0300
03.01.2014 00:17:36.755,1.50004,1.49804,2.9200,2.2000
03.01.2014 00:17:38.316,1.50003,1.49803,1.0500,1.0100
03.01.2014 00:17:39.607,1.50005,1.49805,2.6900,1.6000
03.01.2014 00:17:40.966,1.50004,1.49804,2.4500,2.0300
03.01.2014 00:17:42.358,1.50000,1.49800,2.7900,2.9400
03.01.2014 00:17:43.845,1.49996,1.49796,1.7300,2.7500
03.01.2014 00:17:44.984,1.49997,1.49797,1.1900,2.4700
03.01.2014 00:17:46.410,1.49997,1.49797,2.4100,1.7300
03.01.2014 00:17:47.800,1.49999,1.49799,1.0700,1.6800
03.01.2014 00:17:49.221,1.50000,1.49800,1.1500,1.3500
03.01.2014 00:17:50.686,1.50003,1.49803,2.9900,1.0400
03.01.2014 00:17:51.926,1.50004,1.49804,1.2300,1.7300
03.01.2014 00:17:53.495,1.50006,1.49806,1.5800,1.7500
03.01.2014 00:17:54.892,1.50003,1.49803,2.8100,1.3000
03.01.2014 00:17:56.304,1.50004,1.49804,1.2900,1.7300
03.01.2014 00:17:57.545,1.50007,1.49807,1.2900,1.6100
03.01.2014 00:17:58.859,1.50008,1.49808,2.9400,2.1800
03.01.2014 00:18:00.276,1.50013,1.49813,1.0600,1.1800
03.01.2014 00:18:01.674,1.50013,1.49813,2.3900,2.8100
03.01.2014 00:18:03.126,1.50012,1.49812,2.0400,1.0500
03.01.2014 00:18:04.565,1.50010,1.49810,2.1400,1.0100
03.01.2014 00:18:05.934,1.50008,1.49808,2.9000,1.3000
03.01.2014 00:18:07.402,1.50006,1.49806,1.9600,2.9200
03.01.2014 00:18:08.767,1.50004,1.49804,2.5400,1.4900
03.01.2014 00:18:10.288,1.50004,1.49804,1.4800,1.1400
03.01.2014 00:18:11.621,1.50002,1.49802,2.7500,2.5600
03.01.2014 00:18:12.939,1.50003,1.49803,2.6400,2.4500
03.01.2014 00:18:14.304,1.50002,1.49802,1.4700,2.0600
03.01.2014 00:18:15.679,1.50001,1.49801,2.4600,1.3000
03.01.2014 00:18:16.990,1.50000,1.49800,2.8000,1.5400
03.01.2014 00:18:18.505,1.50000,1.49800,1.5000,2.3000
03.01.2014 00:18:19.839,1.49999,1.49799,2.4800,2.5100
03.01.2014 00:18:21.050,1.50000,1.49800,2.0100,2.3100
03.01.2014 00:18:22.595,1.50000,1.49800,1.4000,1.4400
03.01.2014 00:18:23.827,1.50002,1.49802,2.4700,1.6500
03.01.2014 00:18:25.111,1.50002,1.49802,2.5000,2.9300
03.01.2014 00:18:26.677,1.50003,1.49803,1.0200,2.9000
03.01.2014 00:18:27.952,1.50002,1.49802,2.3000,2.0400
03.01.2014 00:18:29.313,1.50001,1.49801,1.0600,1.0800
03.01.2014 00:18:30.682,1.50001,1.49801,2.3600,2.9000
03.01.2014 00:18:32.087,1.49998,1.49798,1.3100,1.0900
03.01.2014 00:18:33.547,1.49997,1.49797,1.0400,2.9500
03.01.2014 00:18:35.068,1.49996,1.49796,2.1000,1.9600
03.01.2014 00:18:36.490,1.49995,1.49795,2.0400,1.7400
03.01.2014 00:18:38.006,1.49996,1.49796,1.2100,1.9800
03.01.2014 00:18:39.251,1.49994,1.49794,1.5000,2.5100
03.01.2014 00:18:40.769,1.49993,1.49793,1.7500,1.1600
03.01.2014 00:18:42.208,1.49991,1.49791,2.4100,2.9500
03.01.2014 00:18:43.673,1.49991,1.49791,1.6200,2.8600
03.01.2014 00:18:45.058,1.49989,1.49789,1.4100,2.8300
03.01.2014 00:18:46.355,1.49990,1.49790,1.9700,2.8500
03.01.2014 00:18:47.825,1.49992,1.49792,2.2700,2.3300
03.01.2014 00:18:49.122,1.49992,1.49792,2.0800,2.3000
03.01.2014 00:18:50.294,1.49992,1.49792,2.7800,1.6100
03.01.2014 00:18:51.695,1.49993,1.49793,1.3800,1.7300
03.01.2014 00:18:53.064,1.49994,1.49794,2.5900,1.7100
03.01.2014 00:18:54.390,1.49994,1.49794,2.4600,2.5000
03.01.2014 00:18:55.859,1.49991,1.49791,2.5700,1.3900
03.01.2014 00:18:57.518,1.49991,1.49791,2.0400,1.0800
03.01.2014 00:18:58.989,1.49992,1.49792,2.8000,2.3000
03.01.2014 00:19:00.339,1.49992,1.49792,2.5900,1.1200
03.01.2014 00:19:01.715,1.49994,1.49794,3.0000,1.4600
03.01.2014 00:19:02.963,1.49993,1.49793,1.1200,2.8000
03.01.2014 00:19:04.253,1.49994,1.49794,2.9100,1.8400
03.01.2014 00:19:05.547,1.49992,1.49792,2.4700,1.4400
03.01.2014 00:19:06.982,1.49992,1.49792,1.8100,1.9200
03.01.2014 00:19:08.314,1.49993,1.49793,2.7800,2.4300
03.01.2014 00:19:09.698,1.49992,1.49792,1.6100,1.3800
03.01.2014 00:19:11.100,1.49993,1.49793,2.6100,1.7400
03.01.2014 00:19:12.700,1.49992,1.49792,1.1200,1.9500
03.01.2014 00:19:14.125,1.49992,1.49792,1.2000,2.2200
03.01.2014 00:19:15.419,1.49992,1.49792,1.1300,2.6100
03.01.2014 00:19:16.831,1.49995,1.49795,2.3200,1.6300
03.01.2014 00:19:18.154,1.49995,1.49795,1.3600,2.7400
03.01.2014 00:19:19.539,1.49991,1.49791,2.8600,2.4000
03.01.2014 00:19:20.936,1.49990,1.49790,2.2200,1.4500
03.01.2014 00:19:22.247,1.49990,1.49790,1.4000,1.0500
03.01.2014 00:19:23.507,1.49990,1.49790,2.8200,2.9000
03.01.2014 00:19:24.835,1.49991,1.49791,1.7200,2.0600
03.01.2014 00:19:26.277,1.49990,1.49790,2.2900,1.3400
03.01.2014 00:19:27.796,1.49989,1.49789,1.8400,1.4900
03.01.2014 00:19:29.315,1.49988,1.49788,2.7400,1.3200
03.01.2014 00:19:30.849,1.49991,1.49791,3.0000,2.9400
03.01.2014 00:19:32.282,1.49996,1.49796,1.4600,1.9300
03.01.2014 00:19:33.585,1.49997,1.49797,2.4200,2.2100
03.01.2014 00:19:35.030,1.49996,1.49796,1.8800,2.9900
03.01.2014 00:19:36.403,1.49995,1.49795,1.1900,1.9700
03.01.2014 00:19:37.993,1.49997,1.49797,2.8300,2.0500
03.01.2014 00:19:39.386,1.49995,1.49795,1.0100,1.3900
03.01.2014 00:19:41.053,1.49995,1.49795,1.5200,2.5200
03.01.2014 00:19:42.386,1.49996,1.49796,2.5900,2.9500
03.01.2014 00:19:43.736,1.50000,1.49800,1.7400,1.9000
03.01.2014 00:19:45.247,1.49999,1.49799,1.2600,1.6400
03.01.2014 00:19:46.592,1.49996,1.49796,1.7500,2.2500
03.01.2014 00:19:47.963,1.49996,1.49796,1.3500,1.2900
03.01.2014 00:19:49.544,1.49996,1.49796,1.8300,2.3500
03.01.2014 00:19:50.846,1.49999,1.49799,2.4800,2.3700
03.01.2014 00:19:52.269,1.50000,1.49800,1.2700,2.3300
03.01.2014 00:19:53.621,1.49999,1.49799,2.7500,2.4000
03.01.2014 00:19:54.975,1.49998,1.49798,1.2300,1.6600
03.01.2014 00:19:56.302,1.49998,1.49798,2.1700,1.9700
03.01.2014 00:19:57.700,1.49997,1.49797,2.5900,1.4900
03.01.2014 00:19:59.243,1.49999,1.49799,1.5500,2.1400
03.01.2014 00:20:00.695,1.50002,1.49802,1.1200,1.8400
03.01.2014 00:20:02.112,1.49999,1.49799,2.1300,1.5200
03.01.2014 00:20:03.521,1.50002,1.49802,1.5100,2.7100
03.01.2014 00:20:04.866,1.50001,1.49801,2.3700,2.3000
03.01.2014 00:20:06.229,1.50000,1.49800,2.9500,1.6400
03.01.2014 00:20:07.445,1.50000,1.49800,1.7700,1.1200
03.01.2014 00:20:08.916,1.49999,1.49799,1.7800,2.7400
03.01.2014 00:20:10.205,1.49998,1.49798,2.1900,2.3900
03.01.2014 00:20:11.498,1.50001,1.49801,1.9100,2.2100
03.01.2014 00:20:12.780,1.50004,1.49804,1.8900,2.1300
03.01.2014 00:20:14.169,1.50003,1.49803,1.8800,1.0200
03.01.2014 00:20:15.548,1.50002,1.49802,2.2000,2.5300
03.01.2014 00:20:16.835,1.50004,1.49804,2.8200,2.4400
03.01.2014 00:20:18.420,1.50005,1.49805,2.6500,1.3000
03.01.2014 00:20:19.887,1.50003,1.49803,1.2800,2.3800
03.01.2014 00:20:21.206,1.50004,1.49804,2.3100,2.5500
03.01.2014 00:20:22.837,1.50000,1.49800,2.9900,2.5100
03.01.2014 00:20:24.270,1.50001,1.49801,2.9300,2.2600
03.01.2014 00:20:25.647,1.50002,1.49802,2.6000,1.7000
03.01.2014 00:20:27.133,1.50004,1.49804,1.6400,1.3800
03.01.2014 00:20:28.581,1.50003,1.49803,1.7400,2.1200
03.01.2014 00:20:30.127,1.50008,1.49808,2.4500,1.1100
03.01.2014 00:20:31.500,1.50007,1.49807,2.3300,2.6400
03.01.2014 00:20:32.740,1.50007,1.49807,2.4600,2.0100
03.01.2014 00:20:34.138,1.50004,1.49804,2.7000,1.7000
03.01.2014 00:20:35.665,1.50003,1.49803,2.4000,2.2500
03.01.2014 00:20:37.270,1.50002,1.49802,2.4900,1.6100
03.01.2014 00:20:38.931,1.50002,1.49802,1.7400,2.0000
03.01.2014 00:20:40.397,1.50005,1.49805,2.3900,2.6400
03.01.2014 00:20:41.631,1.50004,1.49804,2.6300,1.7900
03.01.2014 00:20:43.096,1.50002,1.49802,2.9600,2.1100
03.01.2014 00:20:44.564,1.50001,1.49801,2.9400,2.0100
03.01.2014 00:20:46.211,1.50000,1.49800,2.5000,1.1600
03.01.2014 00:20:47.678,1.49999,1.49799,2.1900,1.0200
03.01.2014 00:20:48.953,1.50000,1.49800,2.9100,1.4600
03.01.2014 00:20:50.325,1.50002,1.49802,2.1100,2.4700
03.01.2014 00:20:51.750,1.50004,1.49804,1.5500,2.7400
03.01.2014 00:20:53.000,1.50005,1.49805,2.9400,2.9500
03.01.2014 00:20:54.430,1.50009,1.49809,2.6500,1.3300
03.01.2014 00:20:55.884,1.50014,1.49814,2.7700,1.2300
03.01.2014 00:20:57.377,1.50018,1.49818,2.5400,2.1900
03.01.2014 00:20:58.807,1.50016,1.49816,1.6800,1.4300
03.01.2014 00:21:00.302,1.50017,1.49817,2.2400,2.3400
03.01.2014 00:21:01.733,1.50019,1.49819,1.5000,2.3100
03.01.2014 00:21:03.173,1.50021,1.49821,1.4900,1.2900
03.01.2014 00:21:04.640,1.50021,1.49821,1.7000,2.4400
03.01.2014 00:21:06.121,1.50021,1.49821,1.3300,2.9000
03.01.2014 00:21:07.604,1.50021,1.49821,1.2300,2.6400
03.01.2014 00:21:08.941,1.50018,1.49818,2.0500,1.2000
03.01.2014 00:21:10.266,1.50018,1.49818,1.7100,1.8700
03.01.2014 00:21:11.700,1.50021,1.49821,1.5500,2.4200
03.01.2014 00:21:13.257,1.50020,1.49820,1.6500,2.3900
03.01.2014 00:21:14.602,1.50019,1.49819,1.3000,2.1300
03.01.2014 00:21:16.042,1.50021,1.49821,1.1300,1.8000
03.01.2014 00:21:17.520,1.50019,1.49819,2.7000,2.6400
03.01.2014 00:21:18.628,1.50020,1.49820,1.6800,1.2700
03.01.2014 00:21:20.106,1.50020,1.49820,1.2400,2.9700
03.01.2014 00:21:21.611,1.50018,1.49818,2.1400,1.8600
03.01.2014 00:21:22.995,1.50019,1.49819,1.5600,2.6800
03.01.2014 00:21:24.469,1.50021,1.49821,1.5300,2.7800
03.01.2014 00:21:25.919,1.50021,1.49821,1.8000,1.0900
03.01.2014 00:21:27.303,1.50021,1.49821,2.4700,1.1500
03.01.2014 00:21:28.647,1.50021,1.49821,2.2600,1.6700
03.01.2014 00:21:30.181,1.50021,1.49821,2.0400,2.7600
03.01.2014 00:21:31.498,1.50019,1.49819,1.1700,1.3500
03.01.2014 00:21:32.837,1.50019,1.49819,2.4300,1.9800
03.01.2014 00:21:34.232,1.50018,1.49818,2.8900,2.7500
03.01.2014 00:21:35.702,1.50015,1.49815,1.8500,2.3600
03.01.2014 00:21:37.278,1.50017,1.49817,2.3500,1.9900
03.01.2014 00:21:38.581,1.50016,1.49816,1.1600,1.5700
03.01.2014 00:21:40.113,1.50016,1.49816,1.7200,2.8400
03.01.2014 00:21:41.382,1.50016,1.49816,2.6500,1.4300
03.01.2014 00:21:42.783,1.50016,1.49816,2.7600,2.6000
03.01.2014 00:21:43.960,1.50018,1.49818,2.0600,2.7400
03.01.2014 00:21:45.248,1.50017,1.49817,2.9700,2.4600
03.01.2014 00:21:46.630,1.50016,1.49816,2.8800,1.1800
03.01.2014 00:21:48.022,1.50017,1.49817,1.7300,2.7600
03.01.2014 00:21:49.285,1.50016,1.49816,2.2400,2.6400
03.01.2014 00:21:50.747,1.50013,1.49813,1.0200,2.8200
03.01.2014 00:21:52.097,1.50015,1.49815,1.4700,2.3900
03.01.2014 00:21:53.379,1.50017,1.49817,1.9400,2.6900
03.01.2014 00:21:54.824,1.50018,1.49818,1.5300,1.1400
03.01.2014 00:21:56.351,1.50017,1.49817,2.8100,2.0300
03.01.2014 00:21:57.706,1.50018,1.49818,1.6900,1.5800
03.01.2014 00:21:59.144,1.50020,1.49820,1.4200,1.2600
03.01.2014 00:22:00.608,1.50019,1.49819,1.2500,2.3300
03.01.2014 00:22:02.203,1.50020,1.49820,1.8100,1.0300
03.01.2014 00:22:03.791,1.50019,1.49819,2.9100,2.4500
03.01.2014 00:22:05.109,1.50022,1.49822,1.6800,1.9700
03.01.2014 00:22:06.478,1.50025,1.49825,1.5200,1.1600
03.01.2014 00:22:08.011,1.50026,1.49826,1.6100,2.1900
03.01.2014 00:22:09.383,1.50025,1.49825,1.8400,2.2400
03.01.2014 00:22:10.701,1.50025,1.49825,2.8500,1.5000
03.01.2014 00:22:12.207,1.50023,1.49823,2.4700,1.2100
03.01.2014 00:22:13.682,1.50023,1.49823,1.4500,1.7200
03.01.2014 00:22:14.937,1.50022,1.49822,2.1400,1.6600
03.01.2014 00:22:16.426,1.50021,1.49821,1.9000,1.7700
03.01.2014 00:22:17.862,1.50019,1.49819,1.5200,2.0100
03.01.2014 00:22:19.215,1.50021,1.49821,1.6900,1.7700
03.01.2014 00:22:20.497,1.50020,1.49820,1.7200,2.3100
03.01.2014 00:22:21.903,1.50018,1.49818,1.4000,2.6000
03.01.2014 00:22:23.192,1.50019,1.49819,2.9800,2.3700
03.01.2014 00:22:24.696,1.50017,1.49817,1.2600,2.3500
03.01.2014 00:22:26.033,1.50018,1.49818,2.2700,1.7300
03.01.2014 00:22:27.452,1.50020,1.49820,1.7500,1.7900
03.01.2014 00:22:28.945,1.50021,1.49821,1.0300,1.3800
03.01.2014 00:22:30.411,1.50023,1.49823,2.5200,1.0500
03.01.2014 00:22:31.708,1.50023,1.49823,1.8400,1.2300
03.01.2014 00:22:33.044,1.50022,1.49822,2.6400,1.9000
03.01.2014 00:22:34.473,1.50024,1.49824,1.7400,2.6700
03.01.2014 00:22:35.884,1.50023,1.49823,2.9200,2.7200
03.01.2014 00:22:37.247,1.50021,1.49821,1.0300,1.1500
03.01.2014 00:22:38.632,1.50019,1.49819,2.2400,1.5200
03.01.2014 00:22:39.899,1.50019,1.49819,1.9400,2.3300
03.01.2014 00:22:41.383,1.50019,1.49819,1.5000,2.2400
03.01.2014 00:22:42.817,1.50018,1.49818,1.3000,1.7900
03.01.2014 00:22:44.274,1.50018,1.49818,2.1700,1.4100
03.01.2014 00:22:45.590,1.50016,1.49816,2.8200,1.7700
03.01.2014 00:22:46.905,1.50015,1.49815,2.8800,2.2900
03.01.2014 00:22:48.389,1.50016,1.49816,1.0400,2.8800
03.01.2014 00:22:49.871,1.50017,1.49817,2.9500,2.8100
03.01.2014 00:22:51.315,1.50016,1.49816,2.5200,1.9900
03.01.2014 00:22:52.810,1.50014,1.49814,1.2900,1.4500
03.01.2014 00:22:54.177,1.50016,1.49816,2.4600,1.9600
03.01.2014 00:22:55.546,1.50015,1.49815,2.0800,2.8200
03.01.2014 00:22:56.848,1.50015,1.49815,2.0700,1.9200
03.01.2014 00:22:58.091,1.50014,1.49814,1.4200,1.9100
03.01.2014 00:22:59.444,1.50015,1.49815,1.3800,1.9600
03.01.2014 00:23:00.982,1.50012,1.49812,2.0400,1.0100
03.01.2014 00:23:02.325,1.50012,1.49812,1.2100,1.2700
03.01.2014 00:23:03.751,1.50014,1.49814,2.1100,2.1100
03.01.2014 00:23:05.274,1.50012,1.49812,2.0200,2.1900
03.01.2014 00:23:06.521,1.50013,1.49813,2.5600,2.0500
03.01.2014 00:23:07.778,1.50014,1.49814,1.9600,2.8000
03.01.2014 00:23:09.207,1.50011,1.49811,1.2200,1.5800
03.01.2014 00:23:10.657,1.50011,1.49811,1.8500,1.7500
03.01.2014 00:23:12.034,1.50010,1.49810,1.4100,1.3600
03.01.2014 00:23:13.394,1.50009,1.49809,1.5900,2.3500
03.01.2014 00:23:14.752,1.50007,1.49807,2.6000,2.0800
03.01.2014 00:23:16.105,1.50007,1.49807,2.2200,2.1400
03.01.2014 00:23:17.330,1.50008,1.49808,2.3500,1.4900
03.01.2014 00:23:18.621,1.50010,1.49810,1.8100,2.8400
03.01.2014 00:23:20.178,1.50008,1.49808,1.8600,1.1800
03.01.2014 00:23:21.732,1.50007,1.49807,2.1900,2.7700
03.01.2014 00:23:23.057,1.50006,1.49806,2.1200,2.8600
03.01.2014 00:23:24.503,1.50007,1.49807,1.4100,2.2000
03.01.2014 00:23:25.932,1.50006,1.49806,1.9400,2.1000
03.01.2014 00:23:27.359,1.50003,1.49803,2.4100,2.4400
03.01.2014 00:23:28.683,1.50004,1.49804,2.1600,2.6300
03.01.2014 00:23:30.102,1.50006,1.49806,1.8300,1.6700
03.01.2014 00:23:31.498,1.50007,1.49807,1.4800,1.7900
03.01.2014 00:23:33.032,1.50008,1.49808,2.3000,1.6300
03.01.2014 00:23:34.661,1.50004,1.49804,1.0800,1.0900
03.01.2014 00:23:36.201,1.50005,1.49805,2.8500,2.2800
03.01.2014 00:23:37.563,1.50007,1.49807,2.3000,1.5200
03.01.2014 00:23:38.874,1.50006,1.49806,1.3900,2.0500
03.01.2014 00:23:40.446,1.50007,1.49807,1.0700,1.8000
03.01.2014 00:23:41.910,1.50006,1.49806,1.9200,2.5400
03.01.2014 00:23:43.423,1.50003,1.49803,2.5200,1.7200
03.01.2014 00:23:44.834,1.50003,1.49803,2.2200,2.5200
03.01.2014 00:23:46.210,1.50006,1.49806,1.4600,2.6400
03.01.2014 00:23:47.687,1.50005,1.49805,2.3600,1.7800
03.01.2014 00:23:49.190,1.50003,1.49803,2.7400,1.4600
03.01.2014 00:23:50.602,1.50004,1.49804,2.1700,1.1400
03.01.2014 00:23:51.891,1.50003,1.49803,1.0800,1.6600
03.01.2014 00:23:53.228,1.50002,1.49802,1.6300,1.6800
03.01.2014 00:23:54.450,1.50003,1.49803,2.4300,1.1500
03.01.2014 00:23:56.165,1.50000,1.49800,1.6000,1.4100
03.01.2014 00:23:57.589,1.49999,1.49799,1.6400,2.0600
03.01.2014 00:23:59.071,1.49996,1.49796,2.3700,1.7600
03.01.2014 00:24:00.569,1.49997,1.49797,2.7200,1.6500
03.01.2014 00:24:02.067,1.49999,1.49799,2.7000,2.6600
03.01.2014 00:24:03.523,1.50002,1.49802,1.0200,1.2900
03.01.2014 00:24:04.836,1.50000,1.49800,1.5100,2.3100
03.01.2014 00:24:06.152,1.49997,1.49797,1.4300,1.7500
03.01.2014 00:24:07.559,1.50000,1.49800,2.8600,2.1100
03.01.2014 00:24:08.987,1.49998,1.49798,2.0500,1.0000
03.01.2014 00:24:10.436,1.49998,1.49798,1.8300,1.8200
03.01.2014 00:24:12.009,1.49999,1.49799,1.8000,1.1300
03.01.2014 00:24:13.394,1.49996,1.49796,2.5400,2.3600
03.01.2014 00:24:14.779,1.49996,1.49796,1.4800,1.4900
03.01.2014 00:24:16.110,1.49996,1.49796,2.8200,2.1200
03.01.2014 00:24:17.334,1.49996,1.49796,2.5000,1.5400
03.01.2014 00:24:18.551,1.49997,1.49797,1.6600,2.4700
03.01.2014 00:24:19.869,1.49999,1.49799,1.7200,1.2100
03.01.2014 00:24:21.286,1.49998,1.49798,1.5500,2.8500
03.01.2014 00:24:22.743,1.49998,1.49798,2.0100,2.4600
03.01.2014 00:24:24.100,1.50001,1.49801,2.6500,2.9700
03.01.2014 00:24:25.517,1.49998,1.49798,1.8700,1.7200
03.01.2014 00:24:26.853,1.49999,1.49799,2.3800,1.7600
03.01.2014 00:24:28.325,1.50000,1.49800,2.9400,1.1800
03.01.2014 00:24:29.539,1.50002,1.49802,2.3100,1.5300
03.01.2014 00:24:30.849,1.50002,1.49802,2.9500,2.1100
03.01.2014 00:24:32.338,1.50003,1.49803,2.8700,1.4300
03.01.2014 00:24:33.797,1.50000,1.49800,1.3900,1.3500
03.01.2014 00:24:35.255,1.50002,1.49802,1.9600,1.4600
03.01.2014 00:24:36.682,1.50002,1.49802,2.7900,1.8700
03.01.2014 00:24:38.014,1.50000,1.49800,1.3900,2.7400
03.01.2014 00:24:39.559,1.50003,1.49803,1.9300,2.8900
03.01.2014 00:24:41.042,1.50003,1.49803,2.3800,2.4800
03.01.2014 00:24:42.441,1.50002,1.49802,1.6600,1.6600
03.01.2014 00:24:43.674,1.49999,1.49799,2.1300,1.8200
03.01.2014 00:24:45.084,1.50001,1.49801,2.1400,1.3200
03.01.2014 00:24:46.363,1.49997,1.49797,1.4100,1.8800
03.01.2014 00:24:47.780,1.49997,1.49797,2.6400,1.0200
03.01.2014 00:24:49.356,1.49998,1.49798,1.0400,2.7200
03.01.2014 00:24:50.783,1.49997,1.49797,1.5500,2.9000
03.01.2014 00:24:52.201,1.49997,1.49797,1.7200,2.9700
03.01.2014 00:24:53.530,1.49995,1.49795,2.1000,2.2400
03.01.2014 00:24:54.947,1.49995,1.49795,1.7800,2.3200
03.01.2014 00:24:56.368,1.49996,1.49796,2.5400,2.1200
03.01.2014 00:24:57.805,1.49997,1.49797,2.7800,2.3000
03.01.2014 00:24:59.182,1.49996,1.49796,2.1600,1.4300
03.01.2014 00:25:00.647,1.49994,1.49794,1.2500,3.0000
03.01.2014 00:25:01.907,1.49994,1.49794,1.7800,1.8300
03.01.2014 00:25:03.130,1.49994,1.49794,2.7700,1.9900
03.01.2014 00:25:04.676,1.49996,1.49796,2.8300,1.6700
03.01.2014 00:25:06.152,1.49994,1.49794,1.1500,2.9700
03.01.2014 00:25:07.616,1.49995,1.49795,1.6900,1.8300
03.01.2014 00:25:09.094,1.49997,1.49797,2.8300,1.9000
03.01.2014 00:25:10.576,1.50001,1.49801,2.4600,1.3600
03.01.2014 00:25:12.157,1.49999,1.49799,2.6200,2.2800
03.01.2014 00:25:13.497,1.49996,1.49796,2.9300,1.8000
03.01.2014 00:25:14.735,1.49998,1.49798,1.4100,1.6600
03.01.2014 00:25:16.175,1.49996,1.49796,2.5200,1.1100
03.01.2014 00:25:17.292,1.49995,1.49795,1.5500,2.1200
03.01.2014 00:25:18.731,1.49997,1.49797,2.6400,1.9900
03.01.2014 00:25:20.129,1.49998,1.49798,1.5300,1.1900
03.01.2014 00:25:21.578,1.49998,1.49798,2.8900,1.7300
03.01.2014 00:25:23.023,1.49996,1.49796,1.6800,1.1500
03.01.2014 00:25:24.364,1.49995,1.49795,1.8600,2.0800
03.01.2014 00:25:25.733,1.49996,1.49796,2.1900,2.0300
03.01.2014 00:25:26.930,1.49996,1.49796,2.2800,1.3700
03.01.2014 00:25:28.400,1.49998,1.49798,1.3800,2.2800
03.01.2014 00:25:29.949,1.49998,1.49798,1.7100,2.7300
03.01.2014 00:25:31.425,1.49999,1.49799,1.1600,2.4900
03.01.2014 00:25:32.806,1.50000,1.49800,1.4100,2.9500
03.01.2014 00:25:34.232,1.50000,1.49800,2.5300,1.9200
03.01.2014 00:25:35.636,1.50002,1.49802,1.1900,2.0800
03.01.2014 00:25:37.114,1.50004,1.49804,2.8300,1.8800
03.01.2014 00:25:38.505,1.50004,1.49804,1.4500,2.5100
03.01.2014 00:25:39.943,1.50004,1.49804,1.6100,1.3700
03.01.2014 00:25:41.250,1.50005,1.49805,1.8100,2.1100
03.01.2014 00:25:42.528,1.50005,1.49805,2.3200,1.0500
03.01.2014 00:25:44.095,1.50004,1.49804,2.4500,1.9600
03.01.2014 00:25:45.351,1.50004,1.49804,1.3100,1.5800
03.01.2014 00:25:46.868,1.50003,1.49803,2.3600,2.8700
03.01.2014 00:25:48.272,1.50001,1.49801,2.9700,2.5700
03.01.2014 00:25:49.628,1.50000,1.49800,1.6700,2.1800
03.01.2014 00:25:51.147,1.50003,1.49803,2.2900,2.0400
03.01.2014 00:25:52.614,1.50001,1.49801,2.4900,2.0900
03.01.2014 00:25:54.084,1.50001,1.49801,2.4500,2.6100
03.01.2014 00:25:55.465,1.50000,1.49800,1.3900,2.8600
03.01.2014 00:25:56.914,1.50000,1.49800,1.6800,1.4000
03.01.2014 00:25:58.303,1.50003,1.49803,2.1800,2.0000
03.01.2014 00:25:59.826,1.50004,1.49804,2.0700,1.0300
03.01.2014 00:26:01.261,1.50002,1.49802,1.8000,2.2900
03.01.2014 00:26:02.773,1.50004,1.49804,1.4100,1.5200
03.01.2014 00:26:04.352,1.50005,1.49805,2.2400,1.4000
03.01.2014 00:26:05.720,1.50002,1.49802,1.2000,1.5700
03.01.2014 00:26:07.099,1.50003,1.49803,1.3200,1.2500
03.01.2014 00:26:08.507,1.50008,1.49808,2.9200,1.5400
03.01.2014 00:26:09.935,1.50006,1.49806,2.6900,2.8700
03.01.2014 00:26:11.419,1.50006,1.49806,2.2000,1.7600
03.01.2014 00:26:12.822,1.50010,1.49810,1.2700,1.1700
03.01.2014 00:26:14.280,1.50011,1.49811,2.1600,2.6300
03.01.2014 00:26:15.643,1.50009,1.49809,1.4800,2.9900
03.01.2014 00:26:17.087,1.50007,1.49807,2.0600,1.2300
03.01.2014 00:26:18.462,1.50008,1.49808,2.5200,1.5200
03.01.2014 00:26:19.935,1.50009,1.49809,1.2300,1.9400
03.01.2014 00:26:21.351,1.50009,1.49809,1.0700,2.3200
03.01.2014 00:26:22.702,1.50006,1.49806,1.7400,2.3700
03.01.2014 00:26:24.202,1.50007,1.49807,2.1100,1.1900
03.01.2014 00:26:25.697,1.50007,1.49807,1.6700,1.4700
03.01.2014 00:26:27.078,1.50006,1.49806,1.3700,1.1000
03.01.2014 00:26:28.531,1.50005,1.49805,2.0000,1.8600
03.01.2014 00:26:29.932,1.50004,1.49804,1.8200,1.0100
03.01.2014 00:26:31.376,1.50002,1.49802,1.3700,2.8800
03.01.2014 00:26:32.819,1.50003,1.49803,1.6900,1.8100
03.01.2014 00:26:34.241,1.50002,1.49802,2.0800,2.7000
03.01.2014 00:26:35.717,1.50004,1.49804,1.4900,1.6400
03.01.2014 00:26:36.948,1.50002,1.49802,2.2700,2.7200
03.01.2014 00:26:38.320,1.50006,1.49806,1.2200,2.9100
03.01.2014 00:26:39.736,1.50007,1.49807,1.3700,2.1400
03.01.2014 00:26:41.238,1.50006,1.49806,1.9900,2.9000
03.01.2014 00:26:42.624,1.50004,1.49804,2.5900,2.8600
03.01.2014 00:26:43.925,1.50004,1.49804,2.9600,1.1700
03.01.2014 00:26:45.455,1.50003,1.49803,1.7600,1.9500
03.01.2014 00:26:46.879,1.50002,1.49802,1.4700,1.1100
03.01.2014 00:26:48.277,1.49999,1.49799,2.7800,2.6900
03.01.2014 00:26:49.702,1.50000,1.49800,1.6100,1.7900
03.01.2014 00:26:51.269,1.49999,1.49799,1.0700,2.9100
03.01.2014 00:26:52.682,1.50001,1.49801,1.0300,1.1600
03.01.2014 00:26:54.085,1.50000,1.49800,2.1500,1.8400
03.01.2014 00:26:55.624,1.50001,1.49801,2.6300,1.9300
03.01.2014 00:26:56.980,1.50001,1.49801,2.4200,1.8400
03.01.2014 00:26:58.320,1.50001,1.49801,1.8600,1.9400
03.01.2014 00:26:59.700,1.49998,1.49798,1.8100,2.5800
03.01.2014 00:27:01.057,1.50001,1.49801,1.0800,2.5300
03.01.2014 00:27:02.413,1.50001,1.49801,2.4900,2.4100
03.01.2014 00:27:03.921,1.49999,1.49799,1.7600,2.2700
03.01.2014 00:27:05.307,1.49999,1.49799,2.9000,1.1000
03.01.2014 00:27:06.537,1.50000,1.49800,1.6000,1.7000
03.01.2014 00:27:07.877,1.50001,1.49801,2.6700,2.0600
03.01.2014 00:27:09.257,1.50004,1.49804,2.0700,1.3600
03.01.2014 00:27:10.467,1.50006,1.49806,1.2400,1.5300
03.01.2014 00:27:11.964,1.50008,1.49808,1.7900,1.3300
03.01.2014 00:27:13.266,1.50008,1.49808,1.3600,1.7700
03.01.2014 00:27:14.571,1.50009,1.49809,1.2400,1.2000
03.01.2014 00:27:15.883,1.50009,1.49809,2.2300,1.2300
03.01.2014 00:27:17.313,1.50008,1.49808,2.1400,2.8200
03.01.2014 00:27:18.624,1.50007,1.49807,2.3000,1.4500
03.01.2014 00:27:19.966,1.50006,1.49806,1.7500,2.9000
03.01.2014 00:27:21.389,1.50006,1.49806,2.8600,1.7800
03.01.2014 00:27:22.616,1.50005,1.49805,1.0200,2.9200
03.01.2014 00:27:23.924,1.50001,1.49801,1.2900,2.3900
03.01.2014 00:27:25.382,1.49999,1.49799,2.3500,1.9200
03.01.2014 00:27:26.988,1.49998,1.49798,2.6700,1.7800
03.01.2014 00:27:28.591,1.49997,1.49797,2.8500,1.3300
03.01.2014 00:27:30.029,1.49997,1.49797,1.2000,2.2100
03.01.2014 00:27:31.472,1.50000,1.49800,1.4200,2.8400
03.01.2014 00:27:33.019,1.49998,1.49798,2.4800,2.6600
03.01.2014 00:27:34.560,1.49999,1.49799,2.3400,2.5000
03.01.2014 00:27:36.041,1.49997,1.49797,2.9400,1.2700
03.01.2014 00:27:37.292,1.49997,1.49797,2.1300,1.4600
03.01.2014 00:27:38.758,1.50002,1.49802,2.7000,2.9600
03.01.2014 00:27:40.130,1.50000,1.49800,2.8300,2.7100
03.01.2014 00:27:41.589,1.50002,1.49802,2.8900,1.6600
03.01.2014 00:27:42.889,1.50000,1.49800,2.9100,1.9500
03.01.2014 00:27:44.401,1.50000,1.49800,2.2600,1.1600
03.01.2014 00:27:45.728,1.49999,1.49799,1.7600,1.3300
03.01.2014 00:27:47.221,1.50000,1.49800,2.3900,1.9000
03.01.2014 00:27:48.707,1.50000,1.49800,1.2900,2.5600
03.01.2014 00:27:50.148,1.49998,1.49798,2.5000,1.1300
03.01.2014 00:27:51.543,1.49998,1.49798,2.9100,2.6400
03.01.2014 00:27:52.829,1.49998,1.49798,2.4000,1.4200
03.01.2014 00:27:54.199,1.49999,1.49799,1.6100,2.3500
03.01.2014 00:27:55.637,1.49998,1.49798,2.4800,1.2600
03.01.2014 00:27:57.186,1.49999,1.49799,2.5800,2.4600
03.01.2014 00:27:58.629,1.49999,1.49799,1.1500,1.4700
03.01.2014 00:28:00.164,1.49999,1.49799,2.1100,2.9500
03.01.2014 00:28:01.518,1.50001,1.49801,1.0300,2.7800
03.01.2014 00:28:03.057,1.50000,1.49800,1.8000,2.8900
03.01.2014 00:28:04.525,1.49999,1.49799,2.5300,1.6400
03.01.2014 00:28:05.938,1.50001,1.49801,1.3500,2.1100
03.01.2014 00:28:07.292,1.50002,1.49802,2.5600,2.1600
03.01.2014 00:28:08.842,1.50004,1.49804,1.2700,1.0400
03.01.2014 00:28:10.331,1.50006,1.49806,2.4100,2.6000
03.01.2014 00:28:11.495,1.50007,1.49807,2.8500,1.4500
03.01.2014 00:28:12.781,1.50006,1.49806,1.9900,2.0200
03.01.2014 00:28:14.275,1.50002,1.49802,2.4000,1.4800
03.01.2014 00:28:15.511,1.50003,1.49803,2.0500,1.9800
03.01.2014 00:28:16.953,1.50003,1.49803,1.8000,1.9100
03.01.2014 00:28:18.348,1.50006,1.49806,1.8400,2.5600
03.01.2014 00:28:19.662,1.50007,1.49807,1.4700,2.9600
03.01.2014 00:28:21.057,1.50006,1.49806,1.7000,2.6700
03.01.2014 00:28:22.279,1.50005,1.49805,1.7400,2.6700
03.01.2014 00:28:23.624,1.50006,1.49806,1.6900,2.4100
03.01.2014 00:28:24.963,1.50006,1.49806,2.4800,2.3700
03.01.2014 00:28:26.153,1.50006,1.49806,1.0500,2.4500
03.01.2014 00:28:27.593,1.50008,1.49808,2.5600,1.1500
03.01.2014 00:28:29.079,1.50007,1.49807,1.3800,2.2000
03.01.2014 00:28:30.504,1.50007,1.49807,2.1400,2.8300
03.01.2014 00:28:31.780,1.50008,1.49808,1.1800,2.2500
03.01.2014 00:28:33.204,1.50008,1.49808,1.3200,1.5000
03.01.2014 00:28:34.435,1.50009,1.49809,1.7900,1.0300
03.01.2014 00:28:35.788,1.50010,1.49810,1.0400,1.2600
03.01.2014 00:28:37.222,1.50009,1.49809,1.4200,1.6400
03.01.2014 00:28:38.575,1.50009,1.49809,1.5000,1.9300
03.01.2014 00:28:40.140,1.50010,1.49810,1.9200,2.2500
03.01.2014 00:28:41.497,1.50014,1.49814,1.1300,1.1700
03.01.2014 00:28:42.948,1.50013,1.49813,1.6200,1.1300
03.01.2014 00:28:44.380,1.50015,1.49815,2.9400,2.4100
03.01.2014 00:28:45.843,1.50016,1.49816,2.1100,1.9800
03.01.2014 00:28:47.178,1.50018,1.49818,1.1100,2.5300
03.01.2014 00:28:48.564,1.50015,1.49815,2.0100,2.4300
03.01.2014 00:28:49.921,1.50018,1.49818,2.6200,2.3700
03.01.2014 00:28:51.413,1.50018,1.49818,1.3400,2.3700
03.01.2014 00:28:52.955,1.50020,1.49820,1.9900,1.9800
03.01.2014 00:28:54.459,1.50021,1.49821,1.3300,1.9900
03.01.2014 00:28:55.941,1.50023,1.49823,2.5600,1.5200
03.01.2014 00:28:57.255,1.50023,1.49823,2.4300,1.1500
03.01.2014 00:28:58.747,1.50021,1.49821,1.6200,1.0300
03.01.2014 00:29:00.223,1.50020,1.49820,1.9600,1.8300
03.01.2014 00:29:01.555,1.50015,1.49815,2.1200,2.9600
03.01.2014 00:29:02.944,1.50016,1.49816,1.9700,1.1100
03.01.2014 00:29:04.376,1.50018,1.49818,1.7700,1.7800
03.01.2014 00:29:05.700,1.50017,1.49817,1.4400,1.7100
03.01.2014 00:29:07.234,1.50014,1.49814,2.0200,2.8300
03.01.2014 00:29:08.714,1.50014,1.49814,1.4300,1.2300
03.01.2014 00:29:10.012,1.50016,1.49816,2.3300,2.6900
03.01.2014 00:29:11.421,1.50015,1.49815,1.9700,1.9300
03.01.2014 00:29:12.751,1.50014,1.49814,2.5500,2.3400
03.01.2014 00:29:14.181,1.50015,1.49815,2.9000,1.7500
03.01.2014 00:29:15.616,1.50015,1.49815,2.7200,2.8200
03.01.2014 00:29:17.056,1.50015,1.49815,2.3400,1.6700
03.01.2014 00:29:18.268,1.50018,1.49818,1.3800,2.4400
03.01.2014 00:29:19.640,1.50014,1.49814,2.1100,2.4400
03.01.2014 00:29:21.137,1.50014,1.49814,1.8900,1.2700
03.01.2014 00:29:22.757,1.50016,1.49816,1.0000,2.5500
03.01.2014 00:29:24.141,1.50014,1.49814,1.8500,2.6100
03.01.2014 00:29:25.645,1.50014,1.49814,2.9500,1.2900
03.01.2014 00:29:27.065,1.50012,1.49812,2.5900,1.7400
03.01.2014 00:29:28.359,1.50013,1.49813,2.1100,1.2400
03.01.2014 00:29:29.747,1.50013,1.49813,2.7600,1.1300
03.01.2014 00:29:31.241,1.50016,1.49816,1.3500,2.0300
03.01.2014 00:29:32.528,1.50015,1.49815,1.2100,1.9800
03.01.2014 00:29:34.028,1.50016,1.49816,1.5500,2.7400
03.01.2014 00:29:35.402,1.50014,1.49814,1.0900,1.7600
03.01.2014 00:29:36.941,1.50014,1.49814,2.5800,2.2900
03.01.2014 00:29:38.443,1.50014,1.49814,2.0700,1.1400
03.01.2014 00:29:39.819,1.50011,1.49811,2.5200,2.9900
03.01.2014 00:29:41.153,1.50011,1.49811,2.7200,2.4500
03.01.2014 00:29:42.703,1.50009,1.49809,2.1700,1.0900
03.01.2014 00:29:44.153,1.50013,1.49813,2.9500,2.8500
03.01.2014 00:29:45.656,1.50014,1.49814,1.9200,1.6200
03.01.2014 00:29:46.929,1.50014,1.49814,2.9700,1.5000
03.01.2014 00:29:48.262,1.50014,1.49814,2.4100,1.6800
03.01.2014 00:29:49.658,1.50015,1.49815,1.8400,1.1900
03.01.2014 00:29:51.029,1.50012,1.49812,2.7600,1.6000
03.01.2014 00:29:52.419,1.50013,1.49813,1.4200,1.8000
03.01.2014 00:29:53.875,1.50012,1.49812,1.1100,1.6500
03.01.2014 00:29:55.237,1.50010,1.49810,1.1200,2.4200
03.01.2014 00:29:56.503,1.50013,1.49813,1.1400,1.6900
03.01.2014 00:29:57.827,1.50014,1.49814,1.5700,1.1700
03.01.2014 00:29:59.165,1.50015,1.49815,1.9100,1.3200
03.01.2014 00:30:00.557,1.50015,1.49815,2.3000,1.3100
03.01.2014 00:30:01.867,1.50015,1.49815,2.8500,2.6100
03.01.2014 00:30:03.378,1.50013,1.49813,2.9900,2.3600
03.01.2014 00:30:04.800,1.50013,1.49813,2.4400,2.0700
03.01.2014 00:30:06.207,1.50010,1.49810,1.0500,1.7400
03.01.2014 00:30:07.606,1.50010,1.49810,1.4600,2.3600
03.01.2014 00:30:08.893,1.50009,1.49809,1.8600,2.5700
03.01.2014 00:30:10.324,1.50011,1.49811,2.4200,1.5200
03.01.2014 00:30:11.613,1.50013,1.49813,1.4600,1.0900
03.01.2014 00:30:12.932,1.50013,1.49813,1.6100,2.4300
03.01.2014 00:30:14.343,1.50013,1.49813,2.7600,2.7600
03.01.2014 00:30:15.918,1.50014,1.49814,1.9700,2.7700
03.01.2014 00:30:17.180,1.50012,1.49812,1.0700,1.6800
03.01.2014 00:30:18.595,1.50012,1.49812,1.1100,2.4400
03.01.2014 00:30:19.950,1.50012,1.49812,1.3800,1.3700
03.01.2014 00:30:21.441,1.50011,1.49811,2.5200,2.9800
03.01.2014 00:30:22.853,1.50012,1.49812,1.9900,2.3600
03.01.2014 00:30:24.058,1.50011,1.49811,2.6100,2.8100
03.01.2014 00:30:25.520,1.50013,1.49813,2.6000,1.6300
03.01.2014 00:30:27.027,1.50014,1.49814,1.9200,1.0600
03.01.2014 00:30:28.439,1.50015,1.49815,1.4300,1.0300
03.01.2014 00:30:29.815,1.50014,1.49814,2.7800,2.4100
03.01.2014 00:30:31.211,1.50013,1.49813,2.5000,2.8700
03.01.2014 00:30:32.374,1.50013,1.49813,2.9700,1.4300
03.01.2014 00:30:33.864,1.50013,1.49813,2.6800,1.2000
03.01.2014 00:30:35.240,1.50014,1.49814,2.4000,1.6400
03.01.2014 00:30:36.579,1.50011,1.49811,2.8900,1.0600
03.01.2014 00:30:37.893,1.50012,1.49812,1.1400,1.3800
03.01.2014 00:30:39.089,1.50010,1.49810,1.8500,2.6500
03.01.2014 00:30:40.411,1.50009,1.49809,2.1800,2.9500
03.01.2014 00:30:41.802,1.50010,1.49810,1.6800,2.1100
03.01.2014 00:30:43.155,1.50011,1.49811,1.9300,2.4400
03.01.2014 00:30:44.641,1.50009,1.49809,1.4700,2.1700
03.01.2014 00:30:45.933,1.50011,1.49811,2.2700,2.3000
03.01.2014 00:30:47.353,1.50011,1.49811,1.5700,2.4000
03.01.2014 00:30:48.765,1.50010,1.49810,2.0500,1.3300
03.01.2014 00:30:50.017,1.50008,1.49808,1.9600,1.6600
03.01.2014 00:30:51.430,1.50006,1.49806,2.1700,2.0600
03.01.2014 00:30:52.968,1.50006,1.49806,2.4700,1.0800
03.01.2014 00:30:54.447,1.50006,1.49806,1.5700,2.1600
03.01.2014 00:30:56.000,1.50007,1.49807,2.4100,1.5500
03.01.2014 00:30:57.372,1.50005,1.49805,1.8200,1.8800
03.01.2014 00:30:58.721,1.50006,1.49806,2.3800,1.1100
03.01.2014 00:31:00.051,1.50007,1.49807,1.2300,2.5500
03.01.2014 00:31:01.354,1.50008,1.49808,1.7200,2.4000
03.01.2014 00:31:02.630,1.50008,1.49808,1.5100,1.7100
03.01.2014 00:31:04.032,1.50007,1.49807,2.4600,2.8600
03.01.2014 00:31:05.513,1.50005,1.49805,2.6900,2.9100
03.01.2014 00:31:07.117,1.50005,1.49805,2.6400,1.8600
03.01.2014 00:31:08.617,1.50007,1.49807,1.0700,2.2500
03.01.2014 00:31:09.932,1.50007,1.49807,2.1800,1.4800
03.01.2014 00:31:11.338,1.50007,1.49807,1.2600,2.2400
03.01.2014 00:31:12.868,1.50008,1.49808,1.6900,2.4800
03.01.2014 00:31:14.331,1.50007,1.49807,2.8600,1.0400
03.01.2014 00:31:15.687,1.50010,1.49810,1.7200,2.8900
03.01.2014 00:31:17.053,1.50012,1.49812,2.3500,1.9500
03.01.2014 00:31:18.372,1.50010,1.49810,1.4000,1.0800
03.01.2014 00:31:19.598,1.50010,1.49810,1.3300,1.7000
03.01.2014 00:31:20.914,1.50008,1.49808,1.0200,2.0100
03.01.2014 00:31:22.480,1.50009,1.49809,2.6500,1.6700
03.01.2014 00:31:23.896,1.50009,1.49809,1.4500,1.3200
03.01.2014 00:31:25.369,1.50007,1.49807,2.7000,1.1600
03.01.2014 00:31:26.809,1.50004,1.49804,2.3000,1.8000
03.01.2014 00:31:28.110,1.50004,1.49804,1.9300,2.7100
03.01.2014 00:31:29.497,1.50003,1.49803,2.9900,1.8300
03.01.2014 00:31:30.747,1.50002,1.49802,1.5600,2.8100
03.01.2014 00:31:32.039,1.50001,1.49801,1.3800,2.6500
03.01.2014 00:31:33.526,1.50002,1.49802,2.0100,2.6300
03.01.2014 00:31:34.861,1.50005,1.49805,2.6600,2.7200
03.01.2014 00:31:36.338,1.50005,1.49805,1.1200,2.8100
03.01.2014 00:31:37.717,1.50005,1.49805,2.0700,2.6700
03.01.2014 00:31:39.059,1.50005,1.49805,1.0500,2.6700
03.01.2014 00:31:40.622,1.50004,1.49804,1.7700,2.3800
03.01.2014 00:31:42.186,1.50004,1.49804,2.9200,2.5300
03.01.2014 00:31:43.454,1.50005,1.49805,2.4600,1.2900
03.01.2014 00:31:45.098,1.50005,1.49805,1.6600,2.6100
03.01.2014 00:31:46.322,1.50004,1.49804,2.0400,2.6400
03.01.2014 00:31:47.674,1.50005,1.49805,1.5900,1.2500
03.01.2014 00:31:49.095,1.50008,1.49808,2.9600,1.0700
03.01.2014 00:31:50.346,1.50008,1.49808,2.3000,1.9600
03.01.2014 00:31:51.821,1.50009,1.49809,1.9900,1.8700
03.01.2014 00:31:53.264,1.50008,1.49808,2.7600,2.1100
03.01.2014 00:31:54.600,1.50007,1.49807,1.1500,2.0100
03.01.2014 00:31:56.102,1.50006,1.49806,2.8500,1.7500
03.01.2014 00:31:57.467,1.50008,1.49808,1.0900,1.3300
03.01.2014 00:31:58.881,1.50009,1.49809,2.9700,1.1100
03.01.2014 00:32:00.189,1.50009,1.49809,2.9700,1.5600
03.01.2014 00:32:01.440,1.50012,1.49812,2.6800,1.5500
03.01.2014 00:32:02.650,1.50013,1.49813,1.5800,2.2000
03.01.2014 00:32:03.848,1.50012,1.49812,2.0200,2.7500
03.01.2014 00:32:05.235,1.50013,1.49813,1.1700,1.3700
03.01.2014 00:32:06.640,1.50013,1.49813,1.2800,2.8500
03.01.2014 00:32:07.997,1.50016,1.49816,1.2100,2.9900
03.01.2014 00:32:09.516,1.50016,1.49816,1.9000,2.5900
03.01.2014 00:32:10.808,1.50013,1.49813,2.1100,2.3700
03.01.2014 00:32:12.150,1.50011,1.49811,1.2000,2.0400
03.01.2014 00:32:13.583,1.50011,1.49811,2.7900,2.4000
03.01.2014 00:32:15.101,1.50012,1.49812,1.3900,2.6100
03.01.2014 00:32:16.493,1.50012,1.49812,2.9300,1.4600
03.01.2014 00:32:17.877,1.50014,1.49814,1.0000,1.0100
03.01.2014 00:32:19.105,1.50017,1.49817,2.4400,2.4500
03.01.2014 00:32:20.620,1.50017,1.49817,1.2500,1.8500
03.01.2014 00:32:21.963,1.50017,1.49817,1.5500,1.3800
03.01.2014 00:32:23.355,1.50017,1.49817,2.5700,1.5200
03.01.2014 00:32:24.812,1.50016,1.49816,2.6100,1.3800
03.01.2014 00:32:26.217,1.50018,1.49818,2.0700,1.1500
03.01.2014 00:32:27.502,1.50017,1.49817,1.3800,1.2700
03.01.2014 00:32:28.885,1.50018,1.49818,2.2500,1.7200
03.01.2014 00:32:30.237,1.50019,1.49819,2.1600,2.7700
03.01.2014 00:32:31.703,1.50021,1.49821,1.1400,2.3900
03.01.2014 00:32:33.008,1.50021,1.49821,2.3900,2.3100
03.01.2014 00:32:34.435,1.50022,1.49822,1.7700,2.5100
03.01.2014 00:32:35.823,1.50021,1.49821,2.7700,2.2800
03.01.2014 00:32:37.204,1.50020,1.49820,2.7200,1.4900
03.01.2014 00:32:38.687,1.50020,1.49820,1.8100,1.9500
03.01.2014 00:32:39.959,1.50018,1.49818,2.9600,1.9100
03.01.2014 00:32:41.476,1.50019,1.49819,2.0700,2.5000
03.01.2014 00:32:42.906,1.50020,1.49820,1.5900,1.4500
03.01.2014 00:32:44.068,1.50018,1.49818,1.7400,2.2800
03.01.2014 00:32:45.372,1.50020,1.49820,1.8100,2.3800
03.01.2014 00:32:46.826,1.50017,1.49817,2.2000,1.8500
03.01.2014 00:32:48.182,1.50018,1.49818,2.2900,1.1700
03.01.2014 00:32:49.581,1.50020,1.49820,1.4300,1.1300
03.01.2014 00:32:50.852,1.50022,1.49822,2.1400,1.0400
03.01.2014 00:32:52.286,1.50021,1.49821,2.5300,1.0400
03.01.2014 00:32:53.703,1.50021,1.49821,2.9200,1.4500
03.01.2014 00:32:55.017,1.50025,1.49825,1.1700,1.9600
03.01.2014 00:32:56.418,1.50027,1.49827,1.3300,2.0500
03.01.2014 00:32:57.900,1.50026,1.49826,1.6100,2.2800
03.01.2014 00:32:59.235,1.50026,1.49826,2.9700,1.6100
03.01.2014 00:33:00.697,1.50027,1.49827,1.7200,2.0000
03.01.2014 00:33:02.121,1.50026,1.49826,2.1900,2.3300
03.01.2014 00:33:03.534,1.50025,1.49825,2.5000,2.6900
03.01.2014 00:33:05.019,1.50028,1.49828,2.1800,2.6300
03.01.2014 00:33:06.423,1.50026,1.49826,1.8100,1.6900
03.01.2014 00:33:07.808,1.50027,1.49827,2.7100,1.3400
03.01.2014 00:33:09.258,1.50027,1.49827,2.0600,2.0300
03.01.2014 00:33:10.718,1.50027,1.49827,1.6500,1.7300
03.01.2014 00:33:12.111,1.50029,1.49829,2.4300,2.6400
03.01.2014 00:33:13.490,1.50027,1.49827,1.5000,1.5500
03.01.2014 00:33:14.781,1.50028,1.49828,2.0500,2.1900
03.01.2014 00:33:16.214,1.50028,1.49828,1.7400,1.3800
03.01.2014 00:33:17.564,1.50028,1.49828,1.9800,2.9400
03.01.2014 00:33:18.923,1.50028,1.49828,2.1000,2.0800
03.01.2014 00:33:20.257,1.50032,1.49832,2.1600,1.8900
03.01.2014 00:33:21.598,1.50030,1.49830,1.1500,2.4900
03.01.2014 00:33:22.946,1.50034,1.49834,1.3500,1.6400
03.01.2014 00:33:24.367,1.50033,1.49833,1.0600,2.5400
03.01.2014 00:33:25.705,1.50032,1.49832,1.1900,1.8800
03.01.2014 00:33:27.158,1.50032,1.49832,2.4500,1.1200
03.01.2014 00:33:28.482,1.50032,1.49832,1.1100,1.9500
03.01.2014 00:33:29.819,1.50030,1.49830,1.1700,2.1300
03.01.2014 00:33:31.180,1.50033,1.49833,2.3900,1.0200
03.01.2014 00:33:32.596,1.50035,1.49835,1.4400,2.3800
03.01.2014 00:33:34.107,1.50033,1.49833,1.6900,2.9500
03.01.2014 00:33:35.356,1.50029,1.49829,2.8200,1.5300
03.01.2014 00:33:36.862,1.50027,1.49827,1.2600,2.1800
03.01.2014 00:33:38.270,1.50024,1.49824,2.0800,2.0000
03.01.2014 00:33:39.616,1.50025,1.49825,1.1000,1.9800
03.01.2014 00:33:40.901,1.50026,1.49826,2.8600,2.5200
03.01.2014 00:33:42.193,1.50029,1.49829,2.9300,1.7000
03.01.2014 00:33:43.595,1.50029,1.49829,2.5400,1.6200
03.01.2014 00:33:44.882,1.50028,1.49828,1.8000,2.0900
03.01.2014 00:33:46.188,1.50027,1.49827,2.9500,1.9000
03.01.2014 00:33:47.631,1.50024,1.49824,1.3800,1.4300
03.01.2014 00:33:48.881,1.50026,1.49826,2.4700,2.5800
03.01.2014 00:33:50.295,1.50024,1.49824,2.8800,2.7400
03.01.2014 00:33:51.720,1.50023,1.49823,1.4900,1.4400
03.01.2014 00:33:53.175,1.50021,1.49821,2.0800,2.0200
03.01.2014 00:33:54.513,1.50019,1.49819,2.9800,2.7500
03.01.2014 00:33:55.842,1.50017,1.49817,1.3000,1.1800
03.01.2014 00:33:57.404,1.50016,1.49816,2.8700,2.6400
03.01.2014 00:33:58.765,1.50016,1.49816,1.4600,1.6400
03.01.2014 00:34:00.249,1.50017,1.49817,1.8300,2.5300
03.01.2014 00:34:01.574,1.50016,1.49816,2.1100,2.5600
03.01.2014 00:34:03.047,1.50012,1.49812,2.9600,2.5500
03.01.2014 00:34:04.577,1.50011,1.49811,2.6100,1.5600
03.01.2014 00:34:05.935,1.50011,1.49811,1.1200,3.0000
03.01.2014 00:34:07.447,1.50011,1.49811,2.6900,2.1400
03.01.2014 00:34:08.833,1.50012,1.49812,2.4000,1.6500
03.01.2014 00:34:10.292,1.50010,1.49810,2.7500,1.9000
03.01.2014 00:34:11.695,1.50011,1.49811,2.9100,2.2300
03.01.2014 00:34:13.207,1.50013,1.49813,1.5800,2.3500
03.01.2014 00:34:14.517,1.50010,1.49810,1.4800,2.2300
03.01.2014 00:34:15.940,1.50009,1.49809,2.7100,1.8400
03.01.2014 00:34:17.474,1.50009,1.49809,2.7100,1.7800
03.01.2014 00:34:18.899,1.50008,1.49808,1.8900,1.5100
03.01.2014 00:34:20.251,1.50008,1.49808,2.0400,2.1700
03.01.2014 00:34:21.593,1.50009,1.49809,1.7900,1.4000
03.01.2014 00:34:22.984,1.50006,1.49806,1.0500,2.7100
03.01.2014 00:34:24.249,1.50007,1.49807,2.0900,2.3700
03.01.2014 00:34:25.667,1.50008,1.49808,1.3600,2.9400
03.01.2014 00:34:27.110,1.50006,1.49806,1.7200,1.0400
03.01.2014 00:34:28.562,1.50009,1.49809,2.7100,2.6500
03.01.2014 00:34:29.887,1.50009,1.49809,2.2300,2.2900
03.01.2014 00:34:31.361,1.50009,1.49809,1.1400,1.1800
03.01.2014 00:34:32.623,1.50010,1.49810,2.2100,1.5600
03.01.2014 00:34:33.795,1.50012,1.49812,1.6700,2.6700
03.01.2014 00:34:35.184,1.50011,1.49811,1.0400,2.7500
03.01.2014 00:34:36.481,1.50013,1.49813,2.0200,1.9600
03.01.2014 00:34:37.909,1.50013,1.49813,2.4700,1.5200
03.01.2014 00:34:39.208,1.50013,1.49813,1.3300,2.2500
03.01.2014 00:34:40.616,1.50013,1.49813,2.2900,2.1300
03.01.2014 00:34:42.077,1.50014,1.49814,2.3000,1.3100
03.01.2014 00:34:43.531,1.50015,1.49815,1.2200,2.8100
03.01.2014 00:34:44.909,1.50018,1.49818,1.4700,1.6700
03.01.2014 00:34:46.211,1.50018,1.49818,1.4200,1.6400
03.01.2014 00:34:47.512,1.50017,1.49817,1.1400,1.3500
03.01.2014 00:34:48.931,1.50016,1.49816,2.7600,1.2200
03.01.2014 00:34:50.394,1.50017,1.49817,1.8100,2.8300
03.01.2014 00:34:51.721,1.50015,1.49815,2.4800,2.8100
03.01.2014 00:34:52.916,1.50015,1.49815,1.2500,2.2600
03.01.2014 00:34:54.288,1.50015,1.49815,1.8700,2.8000
03.01.2014 00:34:55.718,1.50015,1.49815,1.1900,2.4800
03.01.2014 00:34:57.093,1.50014,1.49814,1.1500,2.9000
03.01.2014 00:34:58.468,1.50013,1.49813,1.9700,1.2400
03.01.2014 00:34:59.980,1.50013,1.49813,2.0700,1.6900
03.01.2014 00:35:01.631,1.50009,1.49809,1.6000,1.2800
03.01.2014 00:35:02.910,1.50008,1.49808,1.3800,1.0100
03.01.2014 00:35:04.296,1.50007,1.49807,1.2200,2.1400
03.01.2014 00:35:05.520,1.50005,1.49805,2.8800,1.2800
03.01.2014 00:35:06.832,1.50006,1.49806,1.0900,2.5800
03.01.2014 00:35:08.116,1.50006,1.49806,1.1200,2.3500
03.01.2014 00:35:09.561,1.50008,1.49808,2.0000,2.8100
03.01.2014 00:35:10.965,1.50008,1.49808,2.2100,1.2800
03.01.2014 00:35:12.291,1.50010,1.49810,2.4600,1.2000
03.01.2014 00:35:13.658,1.50011,1.49811,1.5600,2.5800
03.01.2014 00:35:15.189,1.50008,1.49808,2.0100,2.2700
03.01.2014 00:35:16.642,1.50009,1.49809,2.3200,1.4200
03.01.2014 00:35:17.781,1.50008,1.49808,2.9600,2.1000
03.01.2014 00:35:19.169,1.50008,1.49808,1.7400,1.2600
03.01.2014 00:35:20.676,1.50006,1.49806,1.3800,1.2600
03.01.2014 00:35:22.108,1.50005,1.49805,1.8600,1.8400
03.01.2014 00:35:23.465,1.50007,1.49807,1.0800,1.6200
03.01.2014 00:35:24.830,1.50007,1.49807,1.6300,2.9900
03.01.2014 00:35:26.289,1.50005,1.49805,2.3800,2.2200
03.01.2014 00:35:27.873,1.50006,1.49806,2.0000,1.6100
03.01.2014 00:35:29.272,1.50008,1.49808,1.8900,1.7100
03.01.2014 00:35:30.691,1.50006,1.49806,2.6600,1.6400
03.01.2014 00:35:31.916,1.50007,1.49807,2.8900,1.9800
03.01.2014 00:35:33.390,1.50005,1.49805,2.4500,1.3100
03.01.2014 00:35:34.755,1.50005,1.49805,2.1700,2.2200
03.01.2014 00:35:36.232,1.50008,1.49808,1.7500,2.8500
03.01.2014 00:35:37.547,1.50009,1.49809,2.6000,1.6900
03.01.2014 00:35:38.939,1.50007,1.49807,2.5500,1.8100
03.01.2014 00:35:40.144,1.50008,1.49808,2.3600,2.9600
03.01.2014 00:35:41.557,1.50007,1.49807,1.0100,1.6700
03.01.2014 00:35:42.918,1.50005,1.49805,2.6900,1.7700
03.01.2014 00:35:44.223,1.50003,1.49803,1.3900,1.7900
03.01.2014 00:35:45.605,1.50000,1.49800,1.5400,1.0500
03.01.2014 00:35:46.971,1.50004,1.49804,1.5900,1.0000
03.01.2014 00:35:48.264,1.50007,1.49807,1.2700,1.2700
03.01.2014 00:35:49.507,1.50009,1.49809,2.3900,2.6200
03.01.2014 00:35:50.887,1.50009,1.49809,2.8800,1.4400
03.01.2014 00:35:52.164,1.50007,1.49807,2.8600,1.7400
03.01.2014 00:35:53.523,1.50007,1.49807,1.6000,2.5700
03.01.2014 00:35:55.090,1.50004,1.49804,2.0400,2.6900
03.01.2014 00:35:56.453,1.50008,1.49808,2.1800,1.5100
03.01.2014 00:35:57.841,1.50004,1.49804,1.4600,1.5500
03.01.2014 00:35:59.284,1.50005,1.49805,1.0400,1.4500
03.01.2014 00:36:00.740,1.50003,1.49803,2.2300,1.9100
03.01.2014 00:36:02.064,1.50006,1.49806,2.0400,2.9800
03.01.2014 00:36:03.400,1.50006,1.49806,1.3200,2.4900
03.01.2014 00:36:04.573,1.50006,1.49806,2.2700,2.7400
03.01.2014 00:36:05.968,1.50005,1.49805,2.2500,1.6400
03.01.2014 00:36:07.534,1.50005,1.49805,1.7400,2.2900
03.01.2014 00:36:09.042,1.50004,1.49804,2.2800,2.8500
03.01.2014 00:36:10.276,1.50004,1.49804,2.0800,2.8200
03.01.2014 00:36:11.748,1.50001,1.49801,1.3900,1.9000
03.01.2014 00:36:13.161,1.50000,1.49800,1.4900,1.7100
03.01.2014 00:36:14.593,1.49999,1.49799,2.3500,1.5300
03.01.2014 00:36:16.015,1.49999,1.49799,1.1100,1.8500
03.01.2014 00:36:17.371,1.50001,1.49801,2.8200,2.3400
03.01.2014 00:36:18.814,1.50000,1.49800,2.1500,1.9800
03.01.2014 00:36:20.116,1.50002,1.49802,1.7300,2.5500
03.01.2014 00:36:21.345,1.50004,1.49804,1.6400,1.1300
03.01.2014 00:36:22.656,1.50004,1.49804,2.2700,1.9400
03.01.2014 00:36:24.112,1.50002,1.49802,2.3300,2.8200
03.01.2014 00:36:25.579,1.50001,1.49801,1.9500,1.8100
03.01.2014 00:36:26.916,1.49998,1.49798,1.1900,2.1100
03.01.2014 00:36:28.563,1.49999,1.49799,1.6400,2.4100
03.01.2014 00:36:29.782,1.49998,1.49798,1.3400,2.4900
03.01.2014 00:36:31.158,1.49999,1.49799,2.4900,2.9300
03.01.2014 00:36:32.696,1.49997,1.49797,1.8000,2.6400
03.01.2014 00:36:34.123,1.49996,1.49796,2.7900,1.5700
03.01.2014 00:36:35.449,1.49994,1.49794,2.1700,1.7400
03.01.2014 00:36:36.851,1.49995,1.49795,2.2000,2.2200
03.01.2014 00:36:38.172,1.49996,1.49796,2.8500,1.8400
03.01.2014 00:36:39.571,1.49997,1.49797,2.5800,2.0900
03.01.2014 00:36:41.010,1.49994,1.49794,2.4600,2.6900
03.01.2014 00:36:42.491,1.49994,1.49794,2.1300,1.2700
03.01.2014 00:36:43.883,1.49993,1.49793,2.2300,1.9900
03.01.2014 00:36:45.459,1.49993,1.49793,2.6600,2.9700
03.01.2014 00:36:47.119,1.49992,1.49792,1.0000,2.8500
03.01.2014 00:36:48.543,1.49994,1.49794,1.7800,1.7300
03.01.2014 00:36:49.861,1.49994,1.49794,2.9100,2.4100
03.01.2014 00:36:51.204,1.49995,1.49795,1.2400,1.8800
03.01.2014 00:36:52.465,1.49995,1.49795,1.2900,1.3900
03.01.2014 00:36:53.884,1.49995,1.49795,1.1500,1.9300
03.01.2014 00:36:55.466,1.49991,1.49791,2.7800,2.1900
03.01.2014 00:36:56.624,1.49989,1.49789,2.2900,2.4600
03.01.2014 00:36:58.143,1.49986,1.49786,2.1000,1.8300
03.01.2014 00:36:59.447,1.49985,1.49785,1.8600,2.6600
03.01.2014 00:37:00.850,1.49987,1.49787,2.8000,1.0900
03.01.2014 00:37:02.196,1.49985,1.49785,2.5800,1.1800
03.01.2014 00:37:03.611,1.49984,1.49784,1.4700,2.8000
03.01.2014 00:37:05.141,1.49984,1.49784,1.3100,2.8100
03.01.2014 00:37:06.422,1.49982,1.49782,1.2900,2.1800
03.01.2014 00:37:08.048,1.49980,1.49780,2.7300,1.2900
03.01.2014 00:37:09.597,1.49981,1.49781,1.8900,2.6300
03.01.2014 00:37:11.014,1.49983,1.49783,1.4100,1.4600
03.01.2014 00:37:12.512,1.49984,1.49784,1.7100,1.3900
03.01.2014 00:37:13.999,1.49988,1.49788,1.6600,1.4800
03.01.2014 00:37:15.416,1.49985,1.49785,1.4700,2.4300
03.01.2014 00:37:16.941,1.49987,1.49787,1.1200,1.6500
03.01.2014 00:37:18.414,1.49987,1.49787,1.6900,2.7300
03.01.2014 00:37:19.808,1.49987,1.49787,1.7300,2.0900
03.01.2014 00:37:21.454,1.49991,1.49791,1.0600,1.5400
03.01.2014 00:37:22.921,1.49991,1.49791,1.6500,2.4500
03.01.2014 00:37:24.259,1.49993,1.49793,1.9700,2.8200
03.01.2014 00:37:25.629,1.49995,1.49795,2.1900,2.3200
03.01.2014 00:37:27.241,1.49997,1.49797,2.8700,2.4300
03.01.2014 00:37:28.680,1.49996,1.49796,2.7300,1.9700
03.01.2014 00:37:30.035,1.49999,1.49799,1.8700,1.5800
03.01.2014 00:37:31.386,1.49997,1.49797,2.7700,2.6900
03.01.2014 00:37:32.684,1.49995,1.49795,1.3700,1.6500
03.01.2014 00:37:33.914,1.49994,1.49794,2.7600,1.7400
03.01.2014 00:37:35.305,1.49996,1.49796,1.2300,2.6000
03.01.2014 00:37:36.632,1.49994,1.49794,1.4100,1.7400
03.01.2014 00:37:38.032,1.49989,1.49789,1.8000,1.6000
03.01.2014 00:37:39.571,1.49992,1.49792,2.6500,1.5300
03.01.2014 00:37:40.891,1.49990,1.49790,2.9900,2.3100
03.01.2014 00:37:42.267,1.49994,1.49794,1.8900,1.4800
03.01.2014 00:37:43.526,1.49992,1.49792,1.7500,2.0500
03.01.2014 00:37:44.715,1.49992,1.49792,2.3900,2.5600
03.01.2014 00:37:46.090,1.49992,1.49792,1.0200,2.7400
03.01.2014 00:37:47.469,1.49988,1.49788,2.2000,1.5500
03.01.2014 00:37:48.909,1.49987,1.49787,1.2100,2.5300
03.01.2014 00:37:50.173,1.49985,1.49785,1.3800,2.6800
03.01.2014 00:37:51.519,1.49987,1.49787,1.9200,2.2400
03.01.2014 00:37:53.003,1.49987,1.49787,1.8300,2.4200
03.01.2014 00:37:54.480,1.49985,1.49785,1.9700,2.5600
03.01.2014 00:37:56.022,1.49984,1.49784,1.0900,1.3200
03.01.2014 00:37:57.310,1.49986,1.49786,2.4600,2.2500
03.01.2014 00:37:58.760,1.49989,1.49789,2.6000,1.2200
03.01.2014 00:38:00.003,1.49990,1.49790,1.7100,2.3700
03.01.2014 00:38:01.338,1.49989,1.49789,1.3300,2.8900
03.01.2014 00:38:02.817,1.49990,1.49790,1.7400,2.6700
03.01.2014 00:38:04.231,1.49990,1.49790,1.3500,2.2800
03.01.2014 00:38:05.635,1.49987,1.49787,1.6700,1.1400
03.01.2014 00:38:06.886,1.49987,1.49787,1.6300,2.1600
03.01.2014 00:38:08.218,1.49986,1.49786,1.0800,2.2400
03.01.2014 00:38:09.537,1.49989,1.49789,1.6300,1.0800
03.01.2014 00:38:10.881,1.49989,1.49789,1.8400,1.7400
03.01.2014 00:38:12.232,1.49989,1.49789,2.1200,2.4100
03.01.2014 00:38:13.605,1.49989,1.49789,1.2900,2.8600
03.01.2014 00:38:14.867,1.49988,1.49788,2.2000,1.8400
03.01.2014 00:38:16.120,1.49989,1.49789,1.9000,1.5400
03.01.2014 00:38:17.409,1.49990,1.49790,1.9400,1.2200
03.01.2014 00:38:18.916,1.49991,1.49791,1.2800,2.2700
03.01.2014 00:38:20.291,1.49993,1.49793,1.4400,1.4000
03.01.2014 00:38:21.781,1.49993,1.49793,1.5400,2.4300
03.01.2014 00:38:23.266,1.49995,1.49795,2.5700,2.3400
03.01.2014 00:38:24.787,1.49994,1.49794,1.1500,2.9300
03.01.2014 00:38:26.146,1.49993,1.49793,2.0200,2.4100
03.01.2014 00:38:27.543,1.49991,1.49791,1.6900,2.9900
03.01.2014 00:38:29.027,1.49991,1.49791,2.6600,2.5200
03.01.2014 00:38:30.553,1.49991,1.49791,2.6400,2.8200
03.01.2014 00:38:31.997,1.49994,1.49794,1.8400,2.2900
03.01.2014 00:38:33.349,1.49996,1.49796,2.5300,1.0900
03.01.2014 00:38:34.851,1.50000,1.49800,1.1800,2.7200
03.01.2014 00:38:36.164,1.50001,1.49801,2.4500,2.4800
03.01.2014 00:38:37.565,1.50003,1.49803,1.2000,1.1000
03.01.2014 00:38:38.984,1.50003,1.49803,1.4100,1.1300
03.01.2014 00:38:40.386,1.50001,1.49801,2.5000,1.3000
03.01.2014 00:38:41.597,1.50002,1.49802,2.4000,2.5100
03.01.2014 00:38:43.065,1.50000,1.49800,1.3200,1.9100
03.01.2014 00:38:44.602,1.50000,1.49800,2.7400,2.3500
03.01.2014 00:38:45.827,1.49997,1.49797,2.9800,1.8600
03.01.2014 00:38:47.106,1.49997,1.49797,1.6300,2.1800
03.01.2014 00:38:48.511,1.49997,1.49797,1.0900,2.8000
03.01.2014 00:38:49.916,1.49995,1.49795,1.4200,1.6300
03.01.2014 00:38:51.293,1.49995,1.49795,2.2100,2.2500
03.01.2014 00:38:52.524,1.49996,1.49796,2.1700,1.0800
03.01.2014 00:38:53.799,1.49993,1.49793,2.2900,1.6800
03.01.2014 00:38:54.985,1.49992,1.49792,2.1100,1.3000
03.01.2014 00:38:56.322,1.49993,1.49793,2.8200,3.0000
03.01.2014 00:38:57.759,1.49992,1.49792,2.0500,2.1400
03.01.2014 00:38:59.072,1.49993,1.49793,2.1900,2.1300
03.01.2014 00:39:00.494,1.49992,1.49792,2.1300,2.8100
03.01.2014 00:39:01.778,1.49993,1.49793,1.2900,2.2600
03.01.2014 00:39:03.220,1.49993,1.49793,2.0600,1.5800
03.01.2014 00:39:04.730,1.49994,1.49794,1.6500,2.8400
03.01.2014 00:39:06.036,1.49995,1.49795,2.4000,1.0300
03.01.2014 00:39:07.505,1.49993,1.49793,1.3300,2.6700
03.01.2014 00:39:08.875,1.49993,1.49793,2.2800,1.3800
03.01.2014 00:39:10.303,1.49991,1.49791,1.1400,1.3600
03.01.2014 00:39:11.697,1.49989,1.49789,1.8300,2.2900
03.01.2014 00:39:13.187,1.49989,1.49789,2.5800,2.6300
03.01.2014 00:39:14.679,1.49990,1.49790,2.1100,2.0100
03.01.2014 00:39:16.015,1.49989,1.49789,2.4200,1.3900
03.01.2014 00:39:17.302,1.49990,1.49790,2.5800,2.0600
03.01.2014 00:39:18.667,1.49988,1.49788,2.7700,2.5900
03.01.2014 00:39:20.169,1.49989,1.49789,1.7200,2.1000
03.01.2014 00:39:21.622,1.49984,1.49784,2.1600,2.3600
03.01.2014 00:39:23.065,1.49987,1.49787,2.9500,1.4200
03.01.2014 00:39:24.397,1.49988,1.49788,1.9300,1.1600
03.01.2014 00:39:25.718,1.49986,1.49786,2.6000,2.4200
03.01.2014 00:39:27.024,1.49986,1.49786,2.5300,2.1800
03.01.2014 00:39:28.360,1.49987,1.49787,1.1600,1.4900
03.01.2014 00:39:29.766,1.49984,1.49784,2.6300,2.0000
03.01.2014 00:39:31.069,1.49983,1.49783,1.4800,1.8600
03.01.2014 00:39:32.806,1.49984,1.49784,1.3700,1.0600
03.01.2014 00:39:34.210,1.49986,1.49786,2.9300,2.9300
03.01.2014 00:39:35.662,1.49983,1.49783,2.4000,1.7600
03.01.2014 00:39:37.055,1.49984,1.49784,1.3800,1.2600
03.01.2014 00:39:38.485,1.49984,1.49784,2.1600,2.0200
03.01.2014 00:39:39.738,1.49986,1.49786,1.2200,1.4400
03.01.2014 00:39:41.229,1.49985,1.49785,1.5200,2.3300
03.01.2014 00:39:42.707,1.49984,1.49784,2.3200,1.0300
03.01.2014 00:39:44.315,1.49984,1.49784,1.4200,1.2200
03.01.2014 00:39:45.637,1.49985,1.49785,2.7300,1.3800
03.01.2014 00:39:47.225,1.49984,1.49784,2.4700,1.7600
03.01.2014 00:39:48.679,1.49984,1.49784,1.0200,1.2700
03.01.2014 00:39:50.045,1.49987,1.49787,1.1100,2.1900
03.01.2014 00:39:51.534,1.49984,1.49784,2.1800,1.8100
03.01.2014 00:39:52.928,1.49986,1.49786,1.4700,2.4700
03.01.2014 00:39:54.515,1.49987,1.49787,1.2000,1.9600
03.01.2014 00:39:56.106,1.49983,1.49783,2.3000,2.6400
03.01.2014 00:39:57.460,1.49985,1.49785,1.9900,2.3200
03.01.2014 00:39:58.766,1.49986,1.49786,2.4800,2.4900
03.01.2014 00:40:00.079,1.49988,1.49788,1.0900,1.0100
03.01.2014 00:40:01.440,1.49988,1.49788,1.1600,1.0000
03.01.2014 00:40:02.829,1.49984,1.49784,2.7000,1.3200
03.01.2014 00:40:04.149,1.49982,1.49782,1.4300,1.3400
03.01.2014 00:40:05.478,1.49982,1.49782,1.3400,1.5200
03.01.2014 00:40:06.978,1.49981,1.49781,1.1600,1.4600
03.01.2014 00:40:08.312,1.49982,1.49782,2.6300,1.4000
03.01.2014 00:40:09.575,1.49981,1.49781,1.4400,2.8300
03.01.2014 00:40:10.886,1.49982,1.49782,2.1400,2.0400
03.01.2014 00:40:12.430,1.49981,1.49781,2.3200,1.4100
03.01.2014 00:40:13.733,1.49982,1.49782,1.1500,2.1800
03.01.2014 00:40:15.009,1.49982,1.49782,1.9900,2.1300
03.01.2014 00:40:16.353,1.49982,1.49782,2.5800,2.2400
03.01.2014 00:40:17.784,1.49979,1.49779,2.0900,2.0100
03.01.2014 00:40:19.171,1.49982,1.49782,1.6600,1.9300
03.01.2014 00:40:20.626,1.49982,1.49782,2.9600,2.2400
03.01.2014 00:40:21.831,1.49982,1.49782,1.8700,1.0200
03.01.2014 00:40:23.151,1.49981,1.49781,1.6600,1.3300
03.01.2014 00:40:24.597,1.49982,1.49782,2.0600,2.7300
03.01.2014 00:40:26.191,1.49983,1.49783,1.1300,2.4600
03.01.2014 00:40:27.741,1.49985,1.49785,2.2400,2.1000
03.01.2014 00:40:29.186,1.49987,1.49787,1.3700,1.9300
03.01.2014 00:40:30.582,1.49987,1.49787,2.5100,1.2500
03.01.2014 00:40:31.902,1.49987,1.49787,2.8800,2.1200
03.01.2014 00:40:33.403,1.49987,1.49787,1.3800,1.4100
03.01.2014 00:40:34.842,1.49985,1.49785,1.6800,2.2900
03.01.2014 00:40:36.138,1.49986,1.49786,1.1100,1.3900
03.01.2014 00:40:37.569,1.49982,1.49782,1.9300,1.3100
03.01.2014 00:40:38.782,1.49982,1.49782,1.6200,2.6600
03.01.2014 00:40:40.189,1.49982,1.49782,2.5300,1.0200
03.01.2014 00:40:41.754,1.49980,1.49780,1.8100,1.7000
03.01.2014 00:40:43.157,1.49978,1.49778,1.0900,2.3400
03.01.2014 00:40:44.540,1.49977,1.49777,2.4800,1.4700
03.01.2014 00:40:45.900,1.49976,1.49776,1.3300,1.8700
03.01.2014 00:40:47.274,1.49976,1.49776,1.2500,2.0700
03.01.2014 00:40:48.537,1.49977,1.49777,2.4000,2.9700
03.01.2014 00:40:49.776,1.49975,1.49775,1.5300,2.3100
03.01.2014 00:40:51.222,1.49976,1.49776,1.8300,1.8000
03.01.2014 00:40:52.746,1.49977,1.49777,2.7800,1.5400
03.01.2014 00:40:54.189,1.49977,1.49777,1.1600,1.1400
03.01.2014 00:40:55.501,1.49977,1.49777,1.4200,1.8500
03.01.2014 00:40:56.923,1.49974,1.49774,2.4400,2.4900
03.01.2014 00:40:58.317,1.49973,1.49773,2.8100,2.2500
03.01.2014 00:40:59.795,1.49972,1.49772,1.6700,1.0300
03.01.2014 00:41:01.048,1.49970,1.49770,1.8700,2.5500
03.01.2014 00:41:02.450,1.49967,1.49767,1.6500,2.1900
03.01.2014 00:41:03.881,1.49967,1.49767,1.2600,1.9000
03.01.2014 00:41:05.275,1.49968,1.49768,1.4200,2.6600
03.01.2014 00:41:06.760,1.49971,1.49771,1.6200,1.5600
03.01.2014 00:41:08.175,1.49974,1.49774,1.6900,2.5900
03.01.2014 00:41:09.574,1.49974,1.49774,1.1700,1.1300
03.01.2014 00:41:10.865,1.49972,1.49772,2.3600,1.7100
03.01.2014 00:41:12.141,1.49972,1.49772,2.4700,1.8500
03.01.2014 00:41:13.426,1.49973,1.49773,1.0500,1.3100
03.01.2014 00:41:14.908,1.49974,1.49774,1.0000,1.9400
03.01.2014 00:41:16.453,1.49974,1.49774,1.5500,1.5100
03.01.2014 00:41:17.580,1.49973,1.49773,2.5100,1.3500
03.01.2014 00:41:19.041,1.49975,1.49775,2.3100,1.9800
03.01.2014 00:41:20.343,1.49975,1.49775,1.3200,1.4900
03.01.2014 00:41:21.756,1.49978,1.49778,1.3600,2.9900
03.01.2014 00:41:23.061,1.49974,1.49774,1.0500,2.9800
03.01.2014 00:41:24.593,1.49971,1.49771,1.2700,1.3200
03.01.2014 00:41:26.001,1.49972,1.49772,2.5100,1.8800
03.01.2014 00:41:27.422,1.49973,1.49773,1.6200,2.0100
03.01.2014 00:41:28.726,1.49972,1.49772,2.0600,2.7000
03.01.2014 00:41:30.127,1.49973,1.49773,1.2500,2.4200
03.01.2014 00:41:31.411,1.49974,1.49774,2.1100,1.3300
03.01.2014 00:41:32.934,1.49973,1.49773,1.8600,2.8400
03.01.2014 00:41:34.372,1.49971,1.49771,1.0000,2.4300
03.01.2014 00:41:35.747,1.49971,1.49771,1.6000,1.4800
03.01.2014 00:41:37.226,1.49971,1.49771,1.2900,1.5700
03.01.2014 00:41:38.420,1.49969,1.49769,1.3600,1.6800
03.01.2014 00:41:39.921,1.49971,1.49771,2.7100,2.2900
03.01.2014 00:41:41.310,1.49973,1.49773,2.3600,2.9500
03.01.2014 00:41:42.678,1.49973,1.49773,2.0700,1.4200
03.01.2014 00:41:43.994,1.49972,1.49772,1.4600,2.9700
03.01.2014 00:41:45.314,1.49971,1.49771,2.2900,1.4500
03.01.2014 00:41:46.782,1.49971,1.49771,2.6300,1.4300
03.01.2014 00:41:48.227,1.49971,1.49771,2.5300,2.9100
03.01.2014 00:41:49.690,1.49972,1.49772,2.6800,1.0100
03.01.2014 00:41:51.111,1.49972,1.49772,1.7900,2.5900
03.01.2014 00:41:52.525,1.49970,1.49770,1.7600,2.6300
03.01.2014 00:41:53.926,1.49969,1.49769,2.4500,1.3200
03.01.2014 00:41:55.120,1.49968,1.49768,2.3400,1.0200
03.01.2014 00:41:56.552,1.49968,1.49768,1.4300,2.1800
03.01.2014 00:41:57.819,1.49968,1.49768,2.2700,2.6900
03.01.2014 00:41:59.282,1.49965,1.49765,2.8100,2.6600
03.01.2014 00:42:00.677,1.49963,1.49763,2.3900,1.2600
03.01.2014 00:42:01.968,1.49961,1.49761,1.7300,1.6100
03.01.2014 00:42:03.257,1.49965,1.49765,1.7800,2.8200
03.01.2014 00:42:04.754,1.49963,1.49763,2.0900,2.4400
03.01.2014 00:42:06.147,1.49960,1.49760,2.3600,2.4500
03.01.2014 00:42:07.510,1.49959,1.49759,1.6900,1.6200
03.01.2014 00:42:08.874,1.49958,1.49758,2.2300,1.6400
03.01.2014 00:42:10.331,1.49958,1.49758,2.2600,2.9000
03.01.2014 00:42:11.683,1.49956,1.49756,2.0500,1.4600
03.01.2014 00:42:12.971,1.49955,1.49755,2.6000,2.2300
03.01.2014 00:42:14.310,1.49954,1.49754,2.0400,2.3200
03.01.2014 00:42:15.835,1.49949,1.49749,2.7100,2.4800
03.01.2014 00:42:17.205,1.49948,1.49748,1.9300,2.8000
03.01.2014 00:42:18.790,1.49946,1.49746,2.6700,1.0700
03.01.2014 00:42:20.337,1.49944,1.49744,2.0900,2.9600
03.01.2014 00:42:21.700,1.49946,1.49746,2.6000,1.9800
03.01.2014 00:42:23.035,1.49944,1.49744,2.7100,2.1500
03.01.2014 00:42:24.486,1.49943,1.49743,2.4100,2.9000
03.01.2014 00:42:25.965,1.49941,1.49741,1.6900,2.5900
03.01.2014 00:42:27.322,1.49940,1.49740,2.2700,2.5800
03.01.2014 00:42:28.847,1.49940,1.49740,1.5800,2.7700
03.01.2014 00:42:30.095,1.49941,1.49741,1.4600,2.9200
03.01.2014 00:42:31.378,1.49941,1.49741,1.1000,1.0400
03.01.2014 00:42:32.716,1.49943,1.49743,2.6900,1.8500
03.01.2014 00:42:34.160,1.49942,1.49742,1.6200,1.3800
03.01.2014 00:42:35.484,1.49942,1.49742,1.8900,1.3100
03.01.2014 00:42:36.847,1.49943,1.49743,2.0000,2.4000
03.01.2014 00:42:38.246,1.49946,1.49746,1.9300,1.2800
03.01.2014 00:42:39.636,1.49945,1.49745,1.4500,1.8300
03.01.2014 00:42:41.068,1.49945,1.49745,1.7200,1.9500
03.01.2014 00:42:42.506,1.49945,1.49745,2.4400,1.6800
03.01.2014 00:42:43.921,1.49946,1.49746,2.5300,1.5900
03.01.2014 00:42:45.309,1.49945,1.49745,1.2000,2.9200
03.01.2014 00:42:46.578,1.49944,1.49744,2.8300,2.7100
03.01.2014 00:42:47.922,1.49943,1.49743,1.9700,2.6800
03.01.2014 00:42:49.369,1.49943,1.49743,2.3800,3.0000
03.01.2014 00:42:50.578,1.49941,1.49741,2.1600,1.8300
03.01.2014 00:42:51.865,1.49943,1.49743,1.0400,2.1800
03.01.2014 00:42:53.255,1.49944,1.49744,1.0700,1.7200
03.01.2014 00:42:54.548,1.49947,1.49747,2.7800,1.9900
03.01.2014 00:42:55.967,1.49946,1.49746,2.7300,2.3900
03.01.2014 00:42:57.437,1.49944,1.49744,1.1200,1.4500
03.01.2014 00:42:58.859,1.49942,1.49742,1.7100,2.9200
03.01.2014 00:43:00.242,1.49941,1.49741,1.3300,2.7200
03.01.2014 00:43:01.724,1.49941,1.49741,2.0600,2.3000
03.01.2014 00:43:03.147,1.49942,1.49742,1.2200,2.0300
03.01.2014 00:43:04.448,1.49943,1.49743,1.5800,1.9700
03.01.2014 00:43:05.846,1.49941,1.49741,1.6300,2.2100
03.01.2014 00:43:07.188,1.49940,1.49740,1.7500,2.6700
