Time,Ask,Bid,AskVolume,BidVolume
28.01.2014 00:00:02.795,1.47451,1.47251,1.0300,2.7500
28.01.2014 00:00:04.156,1.47446,1.47246,1.1500,1.6600
28.01.2014 00:00:05.500,1.47447,1.47247,2.2000,1.9500
28.01.2014 00:00:06.859,1.47450,1.47250,2.5400,1.6000
28.01.2014 00:00:08.373,1.47448,1.47248,1.6100,2.2800
28.01.2014 00:00:09.780,1.47450,1.47250,1.0300,1.4100
28.01.2014 00:00:11.304,1.47452,1.47252,1.1500,2.8500
28.01.2014 00:00:12.516,1.47450,1.47250,1.7200,2.8300
28.01.2014 00:00:13.941,1.47450,1.47250,2.9300,1.2900
28.01.2014 00:00:15.323,1.47452,1.47252,2.2400,1.2700
28.01.2014 00:00:16.575,1.47452,1.47252,1.9500,1.7500
28.01.2014 00:00:17.894,1.47453,1.47253,1.5900,1.1900
28.01.2014 00:00:19.176,1.47451,1.47251,1.6900,2.2600
28.01.2014 00:00:20.522,1.47453,1.47253,2.8100,1.7500
28.01.2014 00:00:21.908,1.47453,1.47253,1.6000,1.5400
28.01.2014 00:00:23.297,1.47454,1.47254,1.1000,1.8200
28.01.2014 00:00:24.790,1.47454,1.47254,2.8600,1.7200
28.01.2014 00:00:26.046,1.47455,1.47255,1.1900,2.7500
28.01.2014 00:00:27.449,1.47459,1.47259,1.8100,2.5000
28.01.2014 00:00:28.939,1.47458,1.47258,2.7000,2.2200
28.01.2014 00:00:30.300,1.47455,1.47255,2.5000,2.2000
28.01.2014 00:00:31.846,1.47456,1.47256,2.6300,2.7900
28.01.2014 00:00:33.458,1.47455,1.47255,2.7500,1.4900
28.01.2014 00:00:34.866,1.47454,1.47254,2.4000,1.9900
28.01.2014 00:00:36.228,1.47452,1.47252,1.6000,2.2100
28.01.2014 00:00:37.439,1.47452,1.47252,2.2000,2.2100
28.01.2014 00:00:38.831,1.47450,1.47250,2.0200,1.5100
28.01.2014 00:00:40.321,1.47451,1.47251,1.7000,1.0500
28.01.2014 00:00:41.614,1.47454,1.47254,1.2800,2.2800
28.01.2014 00:00:43.158,1.47454,1.47254,2.7500,2.5900
28.01.2014 00:00:44.592,1.47454,1.47254,2.4600,2.1200
28.01.2014 00:00:45.876,1.47452,1.47252,2.1300,2.1600
28.01.2014 00:00:47.288,1.47451,1.47251,2.4200,2.5600
28.01.2014 00:00:48.617,1.47451,1.47251,2.3100,1.7500
28.01.2014 00:00:49.906,1.47453,1.47253,2.6200,1.9900
28.01.2014 00:00:51.318,1.47450,1.47250,2.5500,2.4400
28.01.2014 00:00:52.828,1.47451,1.47251,2.9200,2.7400
28.01.2014 00:00:54.310,1.47451,1.47251,1.9700,1.9500
28.01.2014 00:00:55.647,1.47453,1.47253,1.3100,1.0500
28.01.2014 00:00:57.128,1.47451,1.47251,2.3100,2.9000
28.01.2014 00:00:58.372,1.47451,1.47251,1.0600,1.9800
28.01.2014 00:00:59.774,1.47451,1.47251,2.5100,2.5200
28.01.2014 00:01:01.182,1.47453,1.47253,1.0500,1.9400
28.01.2014 00:01:02.596,1.47455,1.47255,2.3100,1.2300
28.01.2014 00:01:03.996,1.47455,1.47255,2.3100,2.0100
28.01.2014 00:01:05.447,1.47453,1.47253,1.5800,1.0000
28.01.2014 00:01:06.889,1.47454,1.47254,1.3400,1.8200
28.01.2014 00:01:08.161,1.47455,1.47255,2.1500,2.9600
28.01.2014 00:01:09.584,1.47456,1.47256,2.1700,2.3700
28.01.2014 00:01:10.966,1.47454,1.47254,1.8300,2.8100
28.01.2014 00:01:12.338,1.47455,1.47255,1.9700,1.0400
28.01.2014 00:01:13.597,1.47452,1.47252,1.9400,2.2900
28.01.2014 00:01:14.766,1.47452,1.47252,2.7700,1.1100
28.01.2014 00:01:16.397,1.47452,1.47252,1.1000,1.1400
28.01.2014 00:01:17.723,1.47452,1.47252,2.2300,2.9800
28.01.2014 00:01:19.118,1.47449,1.47249,1.3300,1.1900
28.01.2014 00:01:20.514,1.47449,1.47249,1.4600,1.4300
28.01.2014 00:01:21.817,1.47449,1.47249,2.0400,2.5300
28.01.2014 00:01:23.189,1.47447,1.47247,2.8500,2.3900
28.01.2014 00:01:24.616,1.47449,1.47249,2.5800,1.4600
28.01.2014 00:01:26.033,1.47449,1.47249,2.0400,1.6000
28.01.2014 00:01:27.368,1.47448,1.47248,2.9900,1.0200
28.01.2014 00:01:28.611,1.47448,1.47248,2.5600,2.4700
28.01.2014 00:01:29.995,1.47446,1.47246,2.8700,2.9400
28.01.2014 00:01:31.316,1.47447,1.47247,1.8800,1.6700
28.01.2014 00:01:32.871,1.47445,1.47245,2.3100,2.7900
28.01.2014 00:01:34.268,1.47444,1.47244,1.5400,1.0200
28.01.2014 00:01:35.631,1.47445,1.47245,2.3600,1.8900
28.01.2014 00:01:37.111,1.47441,1.47241,1.2100,2.7200
28.01.2014 00:01:38.604,1.47443,1.47243,2.9800,2.5600
28.01.2014 00:01:40.021,1.47443,1.47243,2.8600,2.8200
28.01.2014 00:01:41.268,1.47445,1.47245,2.5300,1.4400
28.01.2014 00:01:42.600,1.47444,1.47244,1.2500,1.9400
28.01.2014 00:01:44.003,1.47443,1.47243,2.4400,2.2700
28.01.2014 00:01:45.313,1.47440,1.47240,1.1100,1.5800
28.01.2014 00:01:46.843,1.47443,1.47243,1.1100,1.4400
28.01.2014 00:01:48.241,1.47441,1.47241,2.0100,2.2200
28.01.2014 00:01:49.764,1.47443,1.47243,1.7400,1.6900
28.01.2014 00:01:51.097,1.47443,1.47243,1.2200,1.4800
28.01.2014 00:01:52.461,1.47445,1.47245,2.9500,2.7300
28.01.2014 00:01:53.794,1.47442,1.47242,1.6200,1.4500
28.01.2014 00:01:55.497,1.47440,1.47240,1.9300,1.3700
28.01.2014 00:01:56.963,1.47439,1.47239,2.8900,2.1000
28.01.2014 00:01:58.387,1.47438,1.47238,1.2000,2.4400
28.01.2014 00:01:59.599,1.47439,1.47239,2.4600,1.4700
28.01.2014 00:02:01.103,1.47437,1.47237,2.5500,2.2200
28.01.2014 00:02:02.398,1.47436,1.47236,1.9600,1.8100
28.01.2014 00:02:03.815,1.47434,1.47234,2.1100,2.4400
28.01.2014 00:02:05.231,1.47433,1.47233,1.2100,2.5200
28.01.2014 00:02:06.753,1.47430,1.47230,1.6900,2.4200
28.01.2014 00:02:07.919,1.47429,1.47229,1.8600,1.3400
28.01.2014 00:02:09.282,1.47427,1.47227,2.6300,1.9400
28.01.2014 00:02:10.482,1.47429,1.47229,2.2600,2.0500
28.01.2014 00:02:11.950,1.47430,1.47230,1.0900,2.6400
28.01.2014 00:02:13.504,1.47427,1.47227,2.7800,1.4200
28.01.2014 00:02:15.056,1.47428,1.47228,2.3400,2.5800
28.01.2014 00:02:16.521,1.47431,1.47231,1.6900,1.3000
28.01.2014 00:02:17.907,1.47433,1.47233,1.9800,2.2500
28.01.2014 00:02:19.343,1.47434,1.47234,2.2200,2.2000
28.01.2014 00:02:20.884,1.47434,1.47234,2.3400,1.2200
28.01.2014 00:02:22.308,1.47436,1.47236,2.5600,2.9300
28.01.2014 00:02:23.735,1.47437,1.47237,2.5800,2.4100
28.01.2014 00:02:25.192,1.47437,1.47237,1.8900,2.1200
28.01.2014 00:02:26.614,1.47436,1.47236,1.1500,1.5900
28.01.2014 00:02:28.103,1.47435,1.47235,1.0500,1.2800
28.01.2014 00:02:29.471,1.47434,1.47234,2.0900,1.4400
28.01.2014 00:02:30.871,1.47432,1.47232,1.7700,2.5900
28.01.2014 00:02:32.285,1.47432,1.47232,2.3700,2.2300
28.01.2014 00:02:33.730,1.47432,1.47232,1.1700,2.3800
28.01.2014 00:02:35.237,1.47435,1.47235,1.1300,2.9900
28.01.2014 00:02:36.528,1.47437,1.47237,2.9100,2.7500
28.01.2014 00:02:37.950,1.47437,1.47237,1.4400,2.8700
28.01.2014 00:02:39.356,1.47437,1.47237,2.9700,2.2600
28.01.2014 00:02:40.761,1.47435,1.47235,1.0500,2.5400
28.01.2014 00:02:42.041,1.47438,1.47238,1.0300,1.7700
28.01.2014 00:02:43.519,1.47436,1.47236,2.5600,1.9900
28.01.2014 00:02:44.905,1.47436,1.47236,1.9900,2.9600
28.01.2014 00:02:46.259,1.47434,1.47234,2.0700,1.6600
28.01.2014 00:02:47.763,1.47433,1.47233,1.8500,2.6000
28.01.2014 00:02:49.360,1.47432,1.47232,2.2000,2.3500
28.01.2014 00:02:50.792,1.47433,1.47233,1.8800,2.9600
28.01.2014 00:02:52.112,1.47433,1.47233,1.9100,1.2000
28.01.2014 00:02:53.422,1.47433,1.47233,2.2200,1.8900
28.01.2014 00:02:54.779,1.47434,1.47234,1.4100,2.3800
28.01.2014 00:02:56.196,1.47432,1.47232,2.8600,1.4400
28.01.2014 00:02:57.544,1.47428,1.47228,1.1900,1.2900
28.01.2014 00:02:59.111,1.47424,1.47224,2.5000,2.3700
28.01.2014 00:03:00.551,1.47423,1.47223,1.5100,1.1900
28.01.2014 00:03:02.116,1.47423,1.47223,1.2800,2.5500
28.01.2014 00:03:03.468,1.47422,1.47222,3.0000,2.1900
28.01.2014 00:03:04.860,1.47424,1.47224,2.6500,2.0300
28.01.2014 00:03:06.310,1.47425,1.47225,2.8800,1.1100
28.01.2014 00:03:07.773,1.47425,1.47225,2.6700,1.3700
28.01.2014 00:03:09.124,1.47423,1.47223,2.6000,1.0500
28.01.2014 00:03:10.434,1.47422,1.47222,1.5100,2.7700
28.01.2014 00:03:11.996,1.47423,1.47223,2.7700,1.4800
28.01.2014 00:03:13.362,1.47425,1.47225,2.9400,2.9700
28.01.2014 00:03:14.697,1.47423,1.47223,1.1300,1.4200
28.01.2014 00:03:16.226,1.47422,1.47222,2.4600,2.7600
28.01.2014 00:03:17.574,1.47422,1.47222,2.8700,2.0100
28.01.2014 00:03:18.957,1.47423,1.47223,2.2500,2.7100
28.01.2014 00:03:20.453,1.47421,1.47221,1.6000,1.0200
28.01.2014 00:03:21.980,1.47420,1.47220,2.2900,1.8100
28.01.2014 00:03:23.233,1.47419,1.47219,2.5100,1.5800
28.01.2014 00:03:24.658,1.47420,1.47220,1.5700,1.2300
28.01.2014 00:03:25.906,1.47417,1.47217,1.1100,2.2300
28.01.2014 00:03:27.215,1.47418,1.47218,1.6400,2.2200
28.01.2014 00:03:28.775,1.47418,1.47218,2.7300,1.9800
28.01.2014 00:03:30.299,1.47421,1.47221,1.6600,1.4300
28.01.2014 00:03:31.642,1.47422,1.47222,2.7600,1.5200
28.01.2014 00:03:33.068,1.47422,1.47222,1.3100,3.0000
28.01.2014 00:03:34.507,1.47424,1.47224,2.3000,2.9300
28.01.2014 00:03:35.982,1.47423,1.47223,1.6000,2.6800
28.01.2014 00:03:37.482,1.47423,1.47223,1.7600,1.6300
28.01.2014 00:03:38.823,1.47424,1.47224,2.3900,1.4500
28.01.2014 00:03:40.452,1.47425,1.47225,1.2700,2.3400
28.01.2014 00:03:41.899,1.47427,1.47227,1.4400,1.1500
28.01.2014 00:03:43.050,1.47426,1.47226,1.2500,1.9300
28.01.2014 00:03:44.589,1.47424,1.47224,2.1400,1.9000
28.01.2014 00:03:46.049,1.47423,1.47223,2.8200,2.9700
28.01.2014 00:03:47.439,1.47423,1.47223,2.6800,1.8200
28.01.2014 00:03:48.940,1.47422,1.47222,1.4700,1.2100
28.01.2014 00:03:50.357,1.47421,1.47221,1.9800,1.0300
28.01.2014 00:03:51.798,1.47424,1.47224,1.9100,1.1000
28.01.2014 00:03:53.133,1.47423,1.47223,2.9200,2.8200
28.01.2014 00:03:54.530,1.47424,1.47224,1.4700,2.3900
28.01.2014 00:03:55.906,1.47423,1.47223,2.2800,2.9800
28.01.2014 00:03:57.182,1.47421,1.47221,1.4000,1.6600
28.01.2014 00:03:58.598,1.47420,1.47220,2.4900,1.8500
28.01.2014 00:03:59.885,1.47423,1.47223,2.0800,2.8300
28.01.2014 00:04:01.129,1.47424,1.47224,1.8200,2.9700
28.01.2014 00:04:02.448,1.47423,1.47223,2.7200,1.5600
28.01.2014 00:04:03.960,1.47424,1.47224,2.0300,1.6400
28.01.2014 00:04:05.550,1.47422,1.47222,1.2000,1.0900
28.01.2014 00:04:07.072,1.47422,1.47222,1.5400,2.4000
28.01.2014 00:04:08.254,1.47424,1.47224,2.3900,1.9700
28.01.2014 00:04:09.716,1.47422,1.47222,2.5600,1.8900
28.01.2014 00:04:11.056,1.47419,1.47219,2.1100,2.3500
28.01.2014 00:04:12.325,1.47419,1.47219,1.6500,1.8400
28.01.2014 00:04:13.728,1.47418,1.47218,1.2600,1.4000
28.01.2014 00:04:15.129,1.47418,1.47218,2.3300,1.7300
28.01.2014 00:04:16.611,1.47417,1.47217,2.3400,2.6200
28.01.2014 00:04:17.893,1.47419,1.47219,2.1500,2.6900
28.01.2014 00:04:19.344,1.47420,1.47220,2.6600,1.0100
28.01.2014 00:04:20.834,1.47421,1.47221,1.2300,2.4000
28.01.2014 00:04:22.240,1.47421,1.47221,2.7500,2.8600
28.01.2014 00:04:23.725,1.47420,1.47220,2.7200,1.5500
28.01.2014 00:04:24.996,1.47423,1.47223,2.8500,2.7200
28.01.2014 00:04:26.444,1.47422,1.47222,1.9400,2.4900
28.01.2014 00:04:27.934,1.47420,1.47220,1.4600,2.5400
28.01.2014 00:04:29.389,1.47420,1.47220,1.5600,2.3300
28.01.2014 00:04:30.756,1.47419,1.47219,1.0200,2.1500
28.01.2014 00:04:32.190,1.47417,1.47217,1.0200,1.1900
28.01.2014 00:04:33.656,1.47416,1.47216,1.7300,2.8400
28.01.2014 00:04:34.877,1.47417,1.47217,2.4300,1.7200
28.01.2014 00:04:36.157,1.47418,1.47218,1.4900,1.2200
28.01.2014 00:04:37.335,1.47417,1.47217,2.9900,1.2700
28.01.2014 00:04:38.535,1.47418,1.47218,2.9300,1.6500
28.01.2014 00:04:39.864,1.47419,1.47219,1.6000,1.0100
28.01.2014 00:04:41.270,1.47419,1.47219,1.5700,1.0400
28.01.2014 00:04:42.551,1.47420,1.47220,1.9500,2.4800
28.01.2014 00:04:44.021,1.47421,1.47221,2.2200,1.1600
28.01.2014 00:04:45.543,1.47420,1.47220,1.2400,1.9100
28.01.2014 00:04:46.921,1.47418,1.47218,2.3400,1.5500
28.01.2014 00:04:48.418,1.47420,1.47220,1.3200,1.5400
28.01.2014 00:04:49.844,1.47419,1.47219,1.9200,2.1800
28.01.2014 00:04:51.360,1.47419,1.47219,2.2400,1.5600
28.01.2014 00:04:52.789,1.47419,1.47219,1.3500,1.6900
28.01.2014 00:04:54.178,1.47418,1.47218,1.3500,1.1800
28.01.2014 00:04:55.440,1.47417,1.47217,1.0800,1.0300
28.01.2014 00:04:56.961,1.47416,1.47216,1.6100,2.2800
28.01.2014 00:04:58.281,1.47416,1.47216,1.8900,1.2700
28.01.2014 00:04:59.504,1.47417,1.47217,1.6300,2.8300
28.01.2014 00:05:00.809,1.47422,1.47222,2.6900,2.8800
28.01.2014 00:05:02.119,1.47422,1.47222,1.6300,1.7500
28.01.2014 00:05:03.470,1.47423,1.47223,1.3900,2.0800
28.01.2014 00:05:04.901,1.47424,1.47224,1.4700,2.6000
28.01.2014 00:05:06.311,1.47424,1.47224,1.0100,2.5100
28.01.2014 00:05:07.730,1.47424,1.47224,2.5500,1.0300
28.01.2014 00:05:09.103,1.47423,1.47223,1.4600,2.8500
28.01.2014 00:05:10.466,1.47424,1.47224,1.3900,1.5200
28.01.2014 00:05:11.790,1.47426,1.47226,1.1800,1.6400
28.01.2014 00:05:13.210,1.47427,1.47227,1.1500,1.5100
28.01.2014 00:05:14.602,1.47428,1.47228,1.6000,2.9400
28.01.2014 00:05:16.022,1.47428,1.47228,1.5500,1.6000
28.01.2014 00:05:17.575,1.47430,1.47230,1.2800,1.7000
28.01.2014 00:05:19.032,1.47430,1.47230,2.1800,2.8600
28.01.2014 00:05:20.396,1.47429,1.47229,2.8500,1.0100
28.01.2014 00:05:21.818,1.47431,1.47231,2.4800,1.7800
28.01.2014 00:05:23.125,1.47430,1.47230,2.2700,1.8900
28.01.2014 00:05:24.456,1.47431,1.47231,2.9700,1.8500
28.01.2014 00:05:25.837,1.47431,1.47231,1.3200,1.8100
28.01.2014 00:05:27.311,1.47431,1.47231,2.1500,1.7600
28.01.2014 00:05:28.823,1.47433,1.47233,1.7400,2.5600
28.01.2014 00:05:30.192,1.47432,1.47232,1.9300,1.2600
28.01.2014 00:05:31.556,1.47431,1.47231,1.7300,1.2000
28.01.2014 00:05:32.822,1.47430,1.47230,2.7500,1.2700
28.01.2014 00:05:34.309,1.47430,1.47230,1.3100,2.5200
28.01.2014 00:05:35.726,1.47430,1.47230,1.6700,1.3800
28.01.2014 00:05:37.029,1.47429,1.47229,2.1800,1.8000
28.01.2014 00:05:38.383,1.47431,1.47231,2.3500,2.0600
28.01.2014 00:05:39.874,1.47434,1.47234,2.0500,2.7000
28.01.2014 00:05:41.357,1.47430,1.47230,1.3300,2.6200
28.01.2014 00:05:42.863,1.47429,1.47229,1.9900,1.1600
28.01.2014 00:05:44.191,1.47431,1.47231,2.4300,1.3400
28.01.2014 00:05:45.653,1.47432,1.47232,1.3400,2.0200
28.01.2014 00:05:46.834,1.47431,1.47231,1.4600,2.9900
28.01.2014 00:05:48.198,1.47433,1.47233,2.5400,2.0200
28.01.2014 00:05:49.535,1.47436,1.47236,2.0700,1.9700
28.01.2014 00:05:50.825,1.47435,1.47235,2.7700,2.0100
28.01.2014 00:05:52.183,1.47433,1.47233,2.7500,1.6200
28.01.2014 00:05:53.641,1.47432,1.47232,1.5900,2.8600
28.01.2014 00:05:55.062,1.47431,1.47231,2.7300,2.9400
28.01.2014 00:05:56.490,1.47431,1.47231,1.3500,2.5400
28.01.2014 00:05:57.909,1.47432,1.47232,1.5700,2.3900
28.01.2014 00:05:59.237,1.47432,1.47232,2.2500,2.1400
28.01.2014 00:06:00.789,1.47432,1.47232,2.3000,2.9700
28.01.2014 00:06:02.169,1.47432,1.47232,2.5600,1.6700
28.01.2014 00:06:03.644,1.47431,1.47231,2.6200,2.9900
28.01.2014 00:06:05.147,1.47431,1.47231,2.7700,2.7300
28.01.2014 00:06:06.343,1.47431,1.47231,3.0000,1.9500
28.01.2014 00:06:07.569,1.47433,1.47233,2.3000,1.6200
28.01.2014 00:06:08.973,1.47429,1.47229,2.6700,1.7600
28.01.2014 00:06:10.379,1.47433,1.47233,1.1900,1.0700
28.01.2014 00:06:11.816,1.47434,1.47234,1.3300,2.4100
28.01.2014 00:06:13.220,1.47435,1.47235,1.9000,1.2100
28.01.2014 00:06:14.736,1.47437,1.47237,1.6400,2.8300
28.01.2014 00:06:16.244,1.47436,1.47236,1.7100,1.0500
28.01.2014 00:06:17.632,1.47438,1.47238,3.0000,2.4900
28.01.2014 00:06:19.142,1.47439,1.47239,1.2000,2.1700
28.01.2014 00:06:20.472,1.47440,1.47240,1.8300,1.6500
28.01.2014 00:06:21.716,1.47440,1.47240,1.0000,2.2000
28.01.2014 00:06:22.995,1.47440,1.47240,2.9100,2.3900
28.01.2014 00:06:24.431,1.47441,1.47241,2.8300,2.3900
28.01.2014 00:06:25.767,1.47443,1.47243,2.5400,2.7400
28.01.2014 00:06:27.172,1.47440,1.47240,2.8100,2.4800
28.01.2014 00:06:28.508,1.47443,1.47243,1.6300,1.5100
28.01.2014 00:06:29.987,1.47443,1.47243,2.3900,1.7700
28.01.2014 00:06:31.404,1.47440,1.47240,2.4800,1.2700
28.01.2014 00:06:32.781,1.47444,1.47244,2.5100,1.2200
28.01.2014 00:06:34.097,1.47447,1.47247,1.5200,1.7300
28.01.2014 00:06:35.499,1.47446,1.47246,2.4000,2.4000
28.01.2014 00:06:36.973,1.47447,1.47247,2.7000,1.3200
28.01.2014 00:06:38.208,1.47446,1.47246,1.7700,2.7200
28.01.2014 00:06:39.698,1.47444,1.47244,1.0500,1.5700
28.01.2014 00:06:41.104,1.47443,1.47243,2.5300,2.3600
28.01.2014 00:06:42.551,1.47444,1.47244,1.6100,2.0200
28.01.2014 00:06:44.067,1.47443,1.47243,1.0700,1.1200
28.01.2014 00:06:45.615,1.47443,1.47243,1.8200,2.5800
28.01.2014 00:06:47.064,1.47444,1.47244,2.6800,2.6600
28.01.2014 00:06:48.713,1.47442,1.47242,1.8000,1.9100
28.01.2014 00:06:50.043,1.47442,1.47242,1.6900,1.3000
28.01.2014 00:06:51.400,1.47442,1.47242,1.2200,2.6800
28.01.2014 00:06:52.785,1.47443,1.47243,2.4200,1.4600
28.01.2014 00:06:54.023,1.47447,1.47247,1.5300,1.8900
28.01.2014 00:06:55.422,1.47446,1.47246,2.1000,2.0300
28.01.2014 00:06:56.671,1.47446,1.47246,2.3100,1.8000
28.01.2014 00:06:58.251,1.47446,1.47246,2.5300,2.3800
28.01.2014 00:06:59.717,1.47446,1.47246,1.7500,1.0000
28.01.2014 00:07:01.309,1.47450,1.47250,2.7100,1.6500
28.01.2014 00:07:02.709,1.47453,1.47253,1.2000,1.8400
28.01.2014 00:07:04.163,1.47450,1.47250,1.6200,1.7600
28.01.2014 00:07:05.403,1.47447,1.47247,1.2400,1.0200
28.01.2014 00:07:06.818,1.47448,1.47248,2.4200,2.7700
28.01.2014 00:07:08.322,1.47453,1.47253,1.4300,1.6600
28.01.2014 00:07:09.747,1.47451,1.47251,2.4000,1.5100
28.01.2014 00:07:11.100,1.47450,1.47250,2.5400,2.8500
28.01.2014 00:07:12.522,1.47448,1.47248,1.3600,2.2000
28.01.2014 00:07:13.901,1.47448,1.47248,2.5000,1.1300
28.01.2014 00:07:15.158,1.47448,1.47248,2.0500,2.0100
28.01.2014 00:07:16.526,1.47446,1.47246,1.8000,1.5600
28.01.2014 00:07:17.921,1.47446,1.47246,1.7400,1.4000
28.01.2014 00:07:19.349,1.47446,1.47246,1.7000,2.2700
28.01.2014 00:07:20.757,1.47446,1.47246,1.1300,2.7400
28.01.2014 00:07:22.246,1.47448,1.47248,1.4800,1.0100
28.01.2014 00:07:23.704,1.47447,1.47247,2.3500,1.0800
28.01.2014 00:07:25.037,1.47448,1.47248,1.7700,2.5700
28.01.2014 00:07:26.312,1.47448,1.47248,1.0500,1.3700
28.01.2014 00:07:27.579,1.47447,1.47247,2.6700,1.3400
28.01.2014 00:07:29.058,1.47446,1.47246,2.3500,1.3100
28.01.2014 00:07:30.472,1.47445,1.47245,1.2400,1.4300
28.01.2014 00:07:31.546,1.47443,1.47243,2.0900,2.4100
28.01.2014 00:07:32.991,1.47440,1.47240,1.4600,1.3400
28.01.2014 00:07:34.394,1.47441,1.47241,2.1000,2.9600
28.01.2014 00:07:35.876,1.47438,1.47238,1.8600,1.6900
28.01.2014 00:07:37.258,1.47440,1.47240,1.9200,1.9000
28.01.2014 00:07:38.660,1.47441,1.47241,2.5600,1.1500
28.01.2014 00:07:39.995,1.47441,1.47241,1.5600,2.3900
28.01.2014 00:07:41.435,1.47439,1.47239,1.3000,1.4200
28.01.2014 00:07:42.786,1.47437,1.47237,1.6400,1.3400
28.01.2014 00:07:44.100,1.47437,1.47237,2.3500,1.8000
28.01.2014 00:07:45.531,1.47436,1.47236,2.5600,2.9700
28.01.2014 00:07:46.954,1.47432,1.47232,1.6700,1.6800
28.01.2014 00:07:48.357,1.47432,1.47232,2.3200,2.7700
28.01.2014 00:07:49.828,1.47432,1.47232,1.7300,1.4700
28.01.2014 00:07:51.255,1.47431,1.47231,2.3700,2.7800
28.01.2014 00:07:52.739,1.47431,1.47231,1.4000,1.3800
28.01.2014 00:07:54.196,1.47431,1.47231,1.4500,1.4600
28.01.2014 00:07:55.571,1.47433,1.47233,1.5100,2.4000
28.01.2014 00:07:56.894,1.47434,1.47234,1.3700,2.2000
28.01.2014 00:07:58.262,1.47433,1.47233,2.5200,1.5300
28.01.2014 00:07:59.652,1.47433,1.47233,1.3300,1.6800
28.01.2014 00:08:01.126,1.47434,1.47234,2.4500,2.6500
28.01.2014 00:08:02.476,1.47433,1.47233,2.6100,2.9700
28.01.2014 00:08:03.858,1.47433,1.47233,1.8400,2.0100
28.01.2014 00:08:05.188,1.47434,1.47234,1.0800,1.2100
28.01.2014 00:08:06.462,1.47436,1.47236,1.3900,1.5400
28.01.2014 00:08:07.800,1.47436,1.47236,2.7000,1.1900
28.01.2014 00:08:09.195,1.47437,1.47237,2.6600,1.7500
28.01.2014 00:08:10.610,1.47436,1.47236,2.1400,1.4000
28.01.2014 00:08:11.858,1.47435,1.47235,2.7000,1.8500
28.01.2014 00:08:13.195,1.47436,1.47236,1.6800,2.4500
28.01.2014 00:08:14.756,1.47438,1.47238,2.8800,1.4800
28.01.2014 00:08:16.148,1.47437,1.47237,1.3800,1.9600
28.01.2014 00:08:17.545,1.47440,1.47240,1.3700,2.5700
28.01.2014 00:08:18.974,1.47440,1.47240,1.1300,2.7100
28.01.2014 00:08:20.444,1.47438,1.47238,1.6700,2.3800
28.01.2014 00:08:21.891,1.47440,1.47240,1.7000,2.7900
28.01.2014 00:08:23.301,1.47439,1.47239,2.6700,1.3900
28.01.2014 00:08:24.671,1.47438,1.47238,1.0800,2.4300
28.01.2014 00:08:25.974,1.47437,1.47237,2.3700,2.8200
28.01.2014 00:08:27.368,1.47437,1.47237,1.8000,2.0700
28.01.2014 00:08:28.708,1.47436,1.47236,2.2200,2.0100
28.01.2014 00:08:30.123,1.47434,1.47234,2.4400,1.9200
28.01.2014 00:08:31.488,1.47437,1.47237,1.0600,2.0100
28.01.2014 00:08:32.848,1.47437,1.47237,2.3000,1.9900
28.01.2014 00:08:34.230,1.47437,1.47237,1.1600,1.1900
28.01.2014 00:08:35.593,1.47436,1.47236,2.1300,1.0600
28.01.2014 00:08:36.973,1.47437,1.47237,2.9600,2.5900
28.01.2014 00:08:38.483,1.47439,1.47239,2.0700,2.3700
28.01.2014 00:08:39.869,1.47440,1.47240,1.8100,2.8300
28.01.2014 00:08:41.182,1.47439,1.47239,2.7000,1.2900
28.01.2014 00:08:42.635,1.47439,1.47239,1.0500,2.1400
28.01.2014 00:08:43.992,1.47438,1.47238,2.6400,2.6500
28.01.2014 00:08:45.432,1.47437,1.47237,2.7700,1.4300
28.01.2014 00:08:46.998,1.47441,1.47241,2.2200,2.3800
28.01.2014 00:08:48.540,1.47441,1.47241,2.7300,2.6800
28.01.2014 00:08:50.003,1.47440,1.47240,2.2900,2.9900
28.01.2014 00:08:51.383,1.47439,1.47239,2.5700,2.1700
28.01.2014 00:08:52.824,1.47437,1.47237,1.0100,2.4700
28.01.2014 00:08:54.246,1.47435,1.47235,2.0700,1.6800
28.01.2014 00:08:55.446,1.47437,1.47237,2.9300,1.7800
28.01.2014 00:08:56.745,1.47438,1.47238,1.5100,1.2700
28.01.2014 00:08:58.078,1.47437,1.47237,1.0800,2.4200
28.01.2014 00:08:59.564,1.47437,1.47237,1.8900,2.4500
28.01.2014 00:09:00.973,1.47438,1.47238,2.6400,1.9200
28.01.2014 00:09:02.359,1.47439,1.47239,1.3300,2.6800
28.01.2014 00:09:03.869,1.47436,1.47236,1.9400,2.4400
28.01.2014 00:09:05.108,1.47435,1.47235,1.2000,2.0500
28.01.2014 00:09:06.401,1.47436,1.47236,1.1900,2.3000
28.01.2014 00:09:07.670,1.47435,1.47235,1.4600,2.4600
28.01.2014 00:09:09.231,1.47434,1.47234,2.7300,2.7300
28.01.2014 00:09:10.630,1.47437,1.47237,2.8700,2.3400
28.01.2014 00:09:12.036,1.47437,1.47237,2.4500,1.9700
28.01.2014 00:09:13.537,1.47436,1.47236,1.0600,1.5900
28.01.2014 00:09:14.895,1.47435,1.47235,2.6500,1.3200
28.01.2014 00:09:16.311,1.47433,1.47233,1.3100,1.5100
28.01.2014 00:09:17.761,1.47431,1.47231,2.5000,1.8800
28.01.2014 00:09:19.019,1.47433,1.47233,1.4900,2.2100
28.01.2014 00:09:20.500,1.47429,1.47229,1.9800,1.8600
28.01.2014 00:09:21.962,1.47428,1.47228,2.6200,1.7300
28.01.2014 00:09:23.393,1.47428,1.47228,2.3800,2.7900
28.01.2014 00:09:24.830,1.47424,1.47224,1.9600,2.1800
28.01.2014 00:09:26.239,1.47424,1.47224,1.1600,2.0400
28.01.2014 00:09:27.660,1.47422,1.47222,1.5600,1.9300
28.01.2014 00:09:29.053,1.47423,1.47223,1.2700,1.4500
28.01.2014 00:09:30.142,1.47427,1.47227,2.9100,2.0900
28.01.2014 00:09:31.537,1.47429,1.47229,1.3700,1.8600
28.01.2014 00:09:33.067,1.47428,1.47228,2.2300,1.5500
28.01.2014 00:09:34.596,1.47428,1.47228,1.2500,1.5100
28.01.2014 00:09:36.094,1.47431,1.47231,2.7900,2.7000
28.01.2014 00:09:37.535,1.47433,1.47233,2.6900,2.3200
28.01.2014 00:09:38.844,1.47435,1.47235,1.5500,2.3900
28.01.2014 00:09:40.292,1.47436,1.47236,2.0200,1.1300
28.01.2014 00:09:41.572,1.47437,1.47237,1.7800,1.8000
28.01.2014 00:09:43.076,1.47439,1.47239,1.6700,2.8200
28.01.2014 00:09:44.374,1.47440,1.47240,1.8600,1.7500
28.01.2014 00:09:45.865,1.47437,1.47237,2.9900,2.2300
28.01.2014 00:09:47.372,1.47437,1.47237,2.7900,2.1800
28.01.2014 00:09:48.562,1.47436,1.47236,1.9200,1.3400
28.01.2014 00:09:49.839,1.47436,1.47236,2.2900,2.6100
28.01.2014 00:09:51.379,1.47437,1.47237,1.2600,2.0000
28.01.2014 00:09:52.761,1.47439,1.47239,2.1500,2.5100
28.01.2014 00:09:54.212,1.47439,1.47239,1.0300,1.3400
28.01.2014 00:09:55.673,1.47439,1.47239,2.1500,2.4500
28.01.2014 00:09:57.071,1.47439,1.47239,2.1300,1.9000
28.01.2014 00:09:58.603,1.47439,1.47239,2.0500,2.2000
28.01.2014 00:09:59.965,1.47442,1.47242,1.5800,1.4200
28.01.2014 00:10:01.247,1.47443,1.47243,1.6000,1.2100
28.01.2014 00:10:02.729,1.47446,1.47246,1.4800,2.2000
28.01.2014 00:10:04.142,1.47446,1.47246,2.4400,1.4600
28.01.2014 00:10:05.420,1.47445,1.47245,1.5300,1.9800
28.01.2014 00:10:06.790,1.47446,1.47246,1.5200,1.5100
28.01.2014 00:10:08.137,1.47447,1.47247,2.2100,2.7800
28.01.2014 00:10:09.669,1.47446,1.47246,2.2500,1.7900
28.01.2014 00:10:11.196,1.47444,1.47244,2.2400,1.7500
28.01.2014 00:10:12.611,1.47443,1.47243,2.8200,2.4600
28.01.2014 00:10:13.927,1.47443,1.47243,1.3600,1.5900
28.01.2014 00:10:15.184,1.47444,1.47244,2.4800,2.2300
28.01.2014 00:10:16.619,1.47445,1.47245,2.1900,2.4800
28.01.2014 00:10:18.081,1.47445,1.47245,1.1300,2.6400
28.01.2014 00:10:19.494,1.47443,1.47243,1.1800,2.7400
28.01.2014 00:10:20.888,1.47443,1.47243,1.0200,2.7700
28.01.2014 00:10:22.348,1.47444,1.47244,1.5900,1.2200
28.01.2014 00:10:23.648,1.47444,1.47244,2.3400,2.8500
28.01.2014 00:10:25.168,1.47445,1.47245,1.6400,2.8800
28.01.2014 00:10:26.606,1.47444,1.47244,1.5200,2.0500
28.01.2014 00:10:27.953,1.47443,1.47243,1.5900,2.9500
28.01.2014 00:10:29.401,1.47439,1.47239,2.0600,1.9200
28.01.2014 00:10:30.676,1.47438,1.47238,1.9700,2.5800
28.01.2014 00:10:31.968,1.47439,1.47239,2.7300,1.4800
28.01.2014 00:10:33.521,1.47440,1.47240,1.5500,1.3800
28.01.2014 00:10:34.888,1.47441,1.47241,1.1400,1.3100
28.01.2014 00:10:36.229,1.47443,1.47243,1.8300,2.6700
28.01.2014 00:10:37.540,1.47446,1.47246,1.7600,2.7400
28.01.2014 00:10:38.965,1.47447,1.47247,1.1800,1.1000
28.01.2014 00:10:40.452,1.47446,1.47246,2.7100,1.0200
28.01.2014 00:10:41.878,1.47447,1.47247,1.1800,1.4500
28.01.2014 00:10:43.235,1.47447,1.47247,2.5800,1.5600
28.01.2014 00:10:44.502,1.47445,1.47245,2.7300,1.7300
28.01.2014 00:10:45.802,1.47443,1.47243,2.6600,2.8500
28.01.2014 00:10:47.296,1.47444,1.47244,2.2000,2.5600
28.01.2014 00:10:48.603,1.47444,1.47244,1.0500,2.6800
28.01.2014 00:10:49.922,1.47443,1.47243,1.7500,2.1800
28.01.2014 00:10:51.391,1.47439,1.47239,1.5500,2.9300
28.01.2014 00:10:52.951,1.47439,1.47239,1.7500,2.2700
28.01.2014 00:10:54.156,1.47438,1.47238,2.1700,1.3300
28.01.2014 00:10:55.618,1.47438,1.47238,1.6100,1.2900
28.01.2014 00:10:57.123,1.47438,1.47238,2.7700,1.1600
28.01.2014 00:10:58.502,1.47439,1.47239,1.8500,1.8000
28.01.2014 00:10:59.930,1.47441,1.47241,1.3800,2.8000
28.01.2014 00:11:01.130,1.47443,1.47243,1.0100,2.3200
28.01.2014 00:11:02.488,1.47442,1.47242,1.8000,2.7900
28.01.2014 00:11:03.860,1.47444,1.47244,1.3000,3.0000
28.01.2014 00:11:05.301,1.47441,1.47241,1.7300,2.6500
28.01.2014 00:11:06.730,1.47441,1.47241,2.5900,2.8800
28.01.2014 00:11:08.057,1.47441,1.47241,1.2400,2.5500
28.01.2014 00:11:09.466,1.47440,1.47240,1.9300,1.9100
28.01.2014 00:11:10.930,1.47440,1.47240,2.3600,1.3200
28.01.2014 00:11:12.399,1.47440,1.47240,1.6900,1.9200
28.01.2014 00:11:13.961,1.47437,1.47237,1.4600,2.9100
28.01.2014 00:11:15.413,1.47439,1.47239,1.6400,2.1800
28.01.2014 00:11:16.807,1.47437,1.47237,2.3600,1.6000
28.01.2014 00:11:18.165,1.47437,1.47237,1.0500,2.5000
28.01.2014 00:11:19.520,1.47439,1.47239,2.2300,1.6700
28.01.2014 00:11:21.010,1.47440,1.47240,2.2200,2.3900
28.01.2014 00:11:22.341,1.47440,1.47240,2.1100,1.8400
28.01.2014 00:11:23.877,1.47440,1.47240,2.3400,2.7100
28.01.2014 00:11:25.198,1.47441,1.47241,2.7700,1.3000
28.01.2014 00:11:26.418,1.47441,1.47241,2.9900,2.1400
28.01.2014 00:11:27.757,1.47440,1.47240,1.5800,2.2300
28.01.2014 00:11:29.115,1.47441,1.47241,1.3100,2.7800
28.01.2014 00:11:30.532,1.47443,1.47243,1.4200,2.6500
28.01.2014 00:11:32.226,1.47445,1.47245,1.7400,2.4700
28.01.2014 00:11:33.580,1.47447,1.47247,2.2500,1.1900
28.01.2014 00:11:35.198,1.47447,1.47247,1.6600,1.8000
28.01.2014 00:11:36.597,1.47446,1.47246,1.7900,2.4000
28.01.2014 00:11:37.986,1.47444,1.47244,1.6300,2.9300
28.01.2014 00:11:39.381,1.47446,1.47246,2.4800,2.3500
28.01.2014 00:11:40.914,1.47448,1.47248,1.9500,2.1000
28.01.2014 00:11:42.272,1.47450,1.47250,1.1100,1.3400
28.01.2014 00:11:43.704,1.47451,1.47251,2.4400,1.4200
28.01.2014 00:11:45.096,1.47447,1.47247,2.4200,2.1100
28.01.2014 00:11:46.209,1.47448,1.47248,1.9900,2.0300
28.01.2014 00:11:47.551,1.47447,1.47247,2.9200,2.0800
28.01.2014 00:11:48.992,1.47447,1.47247,1.8200,2.8900
28.01.2014 00:11:50.348,1.47451,1.47251,1.7100,2.8400
28.01.2014 00:11:51.670,1.47452,1.47252,2.5200,1.3300
28.01.2014 00:11:53.060,1.47455,1.47255,2.5900,1.0100
28.01.2014 00:11:54.479,1.47453,1.47253,1.4600,1.6500
28.01.2014 00:11:55.798,1.47453,1.47253,2.7700,2.6400
28.01.2014 00:11:57.353,1.47452,1.47252,2.3700,2.6100
28.01.2014 00:11:58.682,1.47453,1.47253,2.6800,1.7900
28.01.2014 00:12:00.059,1.47455,1.47255,1.6100,2.5700
28.01.2014 00:12:01.538,1.47452,1.47252,2.9600,2.9500
28.01.2014 00:12:03.023,1.47451,1.47251,1.4100,1.0000
28.01.2014 00:12:04.312,1.47451,1.47251,2.2900,2.0200
28.01.2014 00:12:05.553,1.47452,1.47252,1.5800,1.4200
28.01.2014 00:12:06.883,1.47451,1.47251,2.3800,2.9200
28.01.2014 00:12:08.154,1.47452,1.47252,1.0900,1.5900
28.01.2014 00:12:09.586,1.47452,1.47252,2.4100,1.2000
28.01.2014 00:12:10.995,1.47453,1.47253,1.5900,1.0600
28.01.2014 00:12:12.433,1.47454,1.47254,1.6000,1.6000
28.01.2014 00:12:13.833,1.47455,1.47255,1.4700,2.4500
28.01.2014 00:12:15.168,1.47457,1.47257,2.4600,1.2800
28.01.2014 00:12:16.550,1.47455,1.47255,1.5300,2.4100
28.01.2014 00:12:18.027,1.47456,1.47256,2.6000,1.9600
28.01.2014 00:12:19.454,1.47456,1.47256,2.5700,1.5000
28.01.2014 00:12:20.930,1.47454,1.47254,1.9700,1.4400
28.01.2014 00:12:22.304,1.47451,1.47251,2.7700,2.8200
28.01.2014 00:12:23.789,1.47448,1.47248,2.1900,2.8300
28.01.2014 00:12:25.236,1.47448,1.47248,2.1200,2.3900
28.01.2014 00:12:26.904,1.47445,1.47245,2.9800,1.4500
28.01.2014 00:12:28.264,1.47444,1.47244,2.8200,2.5800
28.01.2014 00:12:29.678,1.47443,1.47243,1.6900,2.3000
28.01.2014 00:12:30.918,1.47442,1.47242,2.8700,1.5100
28.01.2014 00:12:32.299,1.47447,1.47247,1.3700,1.7900
28.01.2014 00:12:33.861,1.47447,1.47247,1.8400,1.3800
28.01.2014 00:12:35.284,1.47448,1.47248,1.5800,2.0000
28.01.2014 00:12:36.644,1.47446,1.47246,2.3400,2.6000
28.01.2014 00:12:38.119,1.47445,1.47245,2.9400,1.9400
28.01.2014 00:12:39.549,1.47444,1.47244,2.4900,1.0400
28.01.2014 00:12:40.999,1.47439,1.47239,2.7000,1.1400
28.01.2014 00:12:42.264,1.47434,1.47234,1.0100,1.5300
28.01.2014 00:12:43.608,1.47434,1.47234,2.2100,2.8700
28.01.2014 00:12:45.015,1.47435,1.47235,1.6000,1.0800
28.01.2014 00:12:46.334,1.47434,1.47234,1.1400,1.9900
28.01.2014 00:12:47.830,1.47433,1.47233,2.1400,2.9100
28.01.2014 00:12:49.163,1.47433,1.47233,1.9700,2.6500
28.01.2014 00:12:50.474,1.47432,1.47232,2.6100,2.3800
28.01.2014 00:12:51.929,1.47432,1.47232,2.7500,2.1300
28.01.2014 00:12:53.362,1.47433,1.47233,1.5900,2.2600
28.01.2014 00:12:54.924,1.47432,1.47232,2.9200,2.9300
28.01.2014 00:12:56.244,1.47431,1.47231,1.2800,1.0000
28.01.2014 00:12:57.597,1.47431,1.47231,1.2800,2.2600
28.01.2014 00:12:58.980,1.47429,1.47229,1.5600,2.2400
28.01.2014 00:13:00.072,1.47429,1.47229,2.3500,2.3800
28.01.2014 00:13:01.477,1.47428,1.47228,1.9100,2.6300
28.01.2014 00:13:02.794,1.47427,1.47227,2.1400,1.9600
28.01.2014 00:13:04.190,1.47428,1.47228,1.4300,2.4400
28.01.2014 00:13:05.507,1.47425,1.47225,1.9500,2.9200
28.01.2014 00:13:06.668,1.47427,1.47227,1.8000,2.2900
28.01.2014 00:13:08.078,1.47427,1.47227,1.0800,2.2400
28.01.2014 00:13:09.485,1.47425,1.47225,2.1200,2.5700
28.01.2014 00:13:10.874,1.47424,1.47224,2.1100,2.7000
28.01.2014 00:13:12.229,1.47426,1.47226,1.9600,2.2200
28.01.2014 00:13:13.616,1.47426,1.47226,2.3100,2.4800
28.01.2014 00:13:15.110,1.47426,1.47226,2.4400,1.0700
28.01.2014 00:13:16.487,1.47424,1.47224,2.1400,1.1600
28.01.2014 00:13:17.980,1.47424,1.47224,1.1800,1.2200
28.01.2014 00:13:19.331,1.47425,1.47225,2.5000,1.8700
28.01.2014 00:13:20.578,1.47425,1.47225,2.7500,2.6500
28.01.2014 00:13:21.823,1.47425,1.47225,2.4700,1.1700
28.01.2014 00:13:23.206,1.47426,1.47226,1.8400,2.4300
28.01.2014 00:13:24.585,1.47425,1.47225,2.4000,2.9900
28.01.2014 00:13:25.883,1.47426,1.47226,1.2300,1.6100
28.01.2014 00:13:27.481,1.47427,1.47227,1.2600,2.5300
28.01.2014 00:13:28.795,1.47426,1.47226,2.2400,2.7900
28.01.2014 00:13:30.204,1.47425,1.47225,1.4300,2.1800
28.01.2014 00:13:31.560,1.47428,1.47228,2.3200,2.1600
28.01.2014 00:13:32.945,1.47428,1.47228,1.8300,2.1600
28.01.2014 00:13:34.291,1.47427,1.47227,1.9900,2.2700
28.01.2014 00:13:35.454,1.47429,1.47229,2.1700,2.4000
28.01.2014 00:13:36.958,1.47428,1.47228,1.1100,2.4200
28.01.2014 00:13:38.274,1.47428,1.47228,1.1400,1.4500
28.01.2014 00:13:39.651,1.47426,1.47226,1.9300,1.2700
28.01.2014 00:13:40.981,1.47429,1.47229,2.8300,2.1300
28.01.2014 00:13:42.370,1.47430,1.47230,1.6500,2.5100
28.01.2014 00:13:43.715,1.47430,1.47230,2.0100,2.6500
28.01.2014 00:13:44.964,1.47430,1.47230,2.5800,1.4600
28.01.2014 00:13:46.408,1.47431,1.47231,1.6600,2.4500
28.01.2014 00:13:47.924,1.47431,1.47231,2.2700,2.0700
28.01.2014 00:13:49.357,1.47432,1.47232,2.7000,1.7600
28.01.2014 00:13:50.847,1.47433,1.47233,1.4700,1.4800
28.01.2014 00:13:52.051,1.47437,1.47237,2.5500,2.5500
28.01.2014 00:13:53.568,1.47437,1.47237,1.0200,1.0200
28.01.2014 00:13:55.157,1.47438,1.47238,1.0700,2.7700
28.01.2014 00:13:56.570,1.47439,1.47239,1.0500,1.3700
28.01.2014 00:13:57.959,1.47439,1.47239,1.1600,2.6700
28.01.2014 00:13:59.579,1.47442,1.47242,2.1700,1.5000
28.01.2014 00:14:01.255,1.47443,1.47243,2.6500,2.8400
28.01.2014 00:14:02.774,1.47443,1.47243,1.8200,1.2700
28.01.2014 00:14:04.123,1.47446,1.47246,2.8200,2.8400
28.01.2014 00:14:05.566,1.47444,1.47244,2.8000,2.0300
28.01.2014 00:14:06.951,1.47444,1.47244,2.3100,1.7800
28.01.2014 00:14:08.331,1.47446,1.47246,2.3300,1.2800
28.01.2014 00:14:09.812,1.47447,1.47247,2.0300,1.0100
28.01.2014 00:14:11.112,1.47446,1.47246,1.6900,1.1500
28.01.2014 00:14:12.430,1.47447,1.47247,1.9900,2.5300
28.01.2014 00:14:13.750,1.47445,1.47245,3.0000,2.5400
28.01.2014 00:14:15.273,1.47441,1.47241,1.3400,1.7000
28.01.2014 00:14:16.653,1.47441,1.47241,2.0600,2.6900
28.01.2014 00:14:18.148,1.47440,1.47240,1.2700,2.7300
28.01.2014 00:14:19.516,1.47438,1.47238,1.6100,1.4800
28.01.2014 00:14:20.841,1.47436,1.47236,2.5600,2.0300
28.01.2014 00:14:22.260,1.47435,1.47235,2.2200,2.0900
28.01.2014 00:14:23.456,1.47438,1.47238,2.6500,1.9400
28.01.2014 00:14:24.963,1.47436,1.47236,2.5100,2.5800
28.01.2014 00:14:26.342,1.47435,1.47235,1.2500,2.0700
28.01.2014 00:14:27.843,1.47438,1.47238,2.4200,1.9200
28.01.2014 00:14:29.171,1.47439,1.47239,1.3400,2.5600
28.01.2014 00:14:30.565,1.47438,1.47238,1.2300,2.2400
28.01.2014 00:14:31.989,1.47441,1.47241,2.6900,2.1000
28.01.2014 00:14:33.488,1.47442,1.47242,1.6600,1.3200
28.01.2014 00:14:34.796,1.47441,1.47241,2.9200,2.2600
28.01.2014 00:14:36.175,1.47442,1.47242,1.3100,1.0300
28.01.2014 00:14:37.456,1.47439,1.47239,1.6300,2.1400
28.01.2014 00:14:38.927,1.47438,1.47238,2.0700,1.0200
28.01.2014 00:14:40.274,1.47439,1.47239,1.1800,1.1800
28.01.2014 00:14:41.677,1.47440,1.47240,1.7900,1.7300
28.01.2014 00:14:43.120,1.47440,1.47240,1.5800,2.0000
28.01.2014 00:14:44.347,1.47437,1.47237,2.9300,1.3500
28.01.2014 00:14:45.753,1.47437,1.47237,2.3500,1.9100
28.01.2014 00:14:47.077,1.47438,1.47238,2.2500,2.1400
28.01.2014 00:14:48.359,1.47437,1.47237,1.3500,2.2400
28.01.2014 00:14:49.794,1.47438,1.47238,1.5600,1.3500
28.01.2014 00:14:51.230,1.47439,1.47239,2.5100,1.3700
28.01.2014 00:14:52.507,1.47439,1.47239,1.8100,1.0600
28.01.2014 00:14:53.794,1.47439,1.47239,1.4200,1.4300
28.01.2014 00:14:55.200,1.47442,1.47242,1.7300,2.9800
28.01.2014 00:14:56.584,1.47441,1.47241,2.1900,2.0900
28.01.2014 00:14:57.973,1.47440,1.47240,2.6900,1.4700
28.01.2014 00:14:59.273,1.47438,1.47238,1.7100,1.5700
28.01.2014 00:15:00.812,1.47437,1.47237,2.1900,1.2300
28.01.2014 00:15:02.359,1.47437,1.47237,1.1000,2.7200
28.01.2014 00:15:03.931,1.47438,1.47238,2.8900,1.8200
28.01.2014 00:15:05.463,1.47436,1.47236,2.2400,2.6900
28.01.2014 00:15:06.877,1.47436,1.47236,1.6500,2.3200
28.01.2014 00:15:08.297,1.47436,1.47236,2.7400,1.9300
28.01.2014 00:15:09.479,1.47435,1.47235,2.7500,1.8900
28.01.2014 00:15:10.961,1.47435,1.47235,1.9200,2.9700
28.01.2014 00:15:12.391,1.47434,1.47234,1.6900,2.8900
28.01.2014 00:15:13.674,1.47432,1.47232,2.8700,1.4900
28.01.2014 00:15:15.225,1.47429,1.47229,2.5400,1.8500
28.01.2014 00:15:16.538,1.47428,1.47228,1.9900,1.9000
28.01.2014 00:15:17.940,1.47427,1.47227,2.7400,2.3400
28.01.2014 00:15:19.437,1.47428,1.47228,1.5000,2.4300
28.01.2014 00:15:21.013,1.47426,1.47226,1.2900,1.5500
28.01.2014 00:15:22.283,1.47426,1.47226,2.4000,1.8800
28.01.2014 00:15:23.740,1.47424,1.47224,2.1400,2.6100
28.01.2014 00:15:25.358,1.47425,1.47225,2.0600,2.9500
28.01.2014 00:15:26.683,1.47425,1.47225,1.1300,2.6100
28.01.2014 00:15:28.061,1.47425,1.47225,2.5100,2.2500
28.01.2014 00:15:29.508,1.47426,1.47226,2.0600,2.8300
28.01.2014 00:15:30.803,1.47429,1.47229,2.6100,2.4100
28.01.2014 00:15:32.146,1.47430,1.47230,2.4600,1.0900
28.01.2014 00:15:33.528,1.47429,1.47229,1.5300,2.7000
28.01.2014 00:15:34.900,1.47431,1.47231,2.4200,1.6600
28.01.2014 00:15:36.356,1.47432,1.47232,2.0100,2.7000
28.01.2014 00:15:37.721,1.47432,1.47232,2.2400,1.6400
28.01.2014 00:15:39.154,1.47429,1.47229,1.0600,2.3700
28.01.2014 00:15:40.578,1.47428,1.47228,1.0600,2.2000
28.01.2014 00:15:41.822,1.47430,1.47230,2.5700,2.0300
28.01.2014 00:15:43.233,1.47431,1.47231,1.8700,1.9700
28.01.2014 00:15:44.558,1.47429,1.47229,1.2000,2.1300
28.01.2014 00:15:46.141,1.47426,1.47226,1.2800,2.7600
28.01.2014 00:15:47.720,1.47423,1.47223,1.2800,1.6700
28.01.2014 00:15:48.963,1.47423,1.47223,2.7200,1.9700
28.01.2014 00:15:50.212,1.47425,1.47225,1.0800,2.4500
28.01.2014 00:15:51.591,1.47423,1.47223,1.3300,2.8900
28.01.2014 00:15:52.889,1.47421,1.47221,1.0800,1.9200
28.01.2014 00:15:54.410,1.47417,1.47217,1.5700,2.1500
28.01.2014 00:15:55.673,1.47416,1.47216,1.7800,1.7500
28.01.2014 00:15:57.062,1.47416,1.47216,2.8900,1.0600
28.01.2014 00:15:58.412,1.47414,1.47214,1.9900,1.9600
28.01.2014 00:15:59.902,1.47414,1.47214,2.2000,1.2800
28.01.2014 00:16:01.231,1.47411,1.47211,2.8700,1.2500
28.01.2014 00:16:02.541,1.47414,1.47214,2.6900,2.4800
28.01.2014 00:16:03.921,1.47416,1.47216,2.2100,1.1200
28.01.2014 00:16:05.193,1.47417,1.47217,1.1700,1.4100
28.01.2014 00:16:06.544,1.47418,1.47218,1.7200,2.1400
28.01.2014 00:16:07.993,1.47415,1.47215,2.9400,2.8200
28.01.2014 00:16:09.184,1.47415,1.47215,1.5100,1.3300
28.01.2014 00:16:10.410,1.47415,1.47215,2.8600,1.1800
28.01.2014 00:16:11.665,1.47416,1.47216,2.9100,1.6200
28.01.2014 00:16:13.068,1.47413,1.47213,1.7100,2.7400
28.01.2014 00:16:14.584,1.47413,1.47213,1.5200,1.9800
28.01.2014 00:16:16.144,1.47412,1.47212,1.8600,1.3300
28.01.2014 00:16:17.417,1.47411,1.47211,2.7900,1.4600
28.01.2014 00:16:18.839,1.47410,1.47210,1.4200,2.9600
28.01.2014 00:16:20.082,1.47410,1.47210,2.9800,1.1300
28.01.2014 00:16:21.485,1.47408,1.47208,1.5800,2.3600
28.01.2014 00:16:22.737,1.47406,1.47206,2.1500,2.0600
28.01.2014 00:16:24.231,1.47407,1.47207,1.7700,1.1400
28.01.2014 00:16:25.586,1.47408,1.47208,2.7700,2.6500
28.01.2014 00:16:26.935,1.47409,1.47209,1.5700,2.4700
28.01.2014 00:16:28.492,1.47409,1.47209,1.1800,1.2800
28.01.2014 00:16:29.924,1.47409,1.47209,2.6100,1.7900
28.01.2014 00:16:31.220,1.47410,1.47210,1.5200,2.2200
28.01.2014 00:16:32.788,1.47410,1.47210,1.5000,2.1000
28.01.2014 00:16:34.187,1.47412,1.47212,2.6600,2.9000
28.01.2014 00:16:35.611,1.47410,1.47210,2.3600,2.5400
28.01.2014 00:16:36.974,1.47410,1.47210,1.0800,2.9400
28.01.2014 00:16:38.313,1.47409,1.47209,1.9700,2.2100
28.01.2014 00:16:39.602,1.47411,1.47211,2.8300,2.9300
28.01.2014 00:16:40.970,1.47412,1.47212,1.3700,1.3700
28.01.2014 00:16:42.331,1.47414,1.47214,1.2200,2.3200
28.01.2014 00:16:43.625,1.47414,1.47214,1.8800,1.1200
28.01.2014 00:16:45.038,1.47414,1.47214,1.8500,2.4500
28.01.2014 00:16:46.468,1.47416,1.47216,1.9800,2.6400
28.01.2014 00:16:47.855,1.47417,1.47217,1.5600,1.5400
28.01.2014 00:16:49.232,1.47415,1.47215,2.0900,1.7000
28.01.2014 00:16:50.724,1.47414,1.47214,1.1500,1.9700
28.01.2014 00:16:52.085,1.47414,1.47214,2.3100,2.1100
28.01.2014 00:16:53.427,1.47413,1.47213,1.4800,2.3700
28.01.2014 00:16:54.844,1.47413,1.47213,1.7600,1.1600
28.01.2014 00:16:56.264,1.47412,1.47212,2.0700,2.6100
28.01.2014 00:16:57.531,1.47410,1.47210,2.7500,1.4500
28.01.2014 00:16:58.742,1.47412,1.47212,1.3600,2.4400
28.01.2014 00:17:00.170,1.47412,1.47212,1.1800,1.4000
28.01.2014 00:17:01.505,1.47410,1.47210,1.4700,2.1100
28.01.2014 00:17:02.770,1.47413,1.47213,2.4100,1.5300
28.01.2014 00:17:04.254,1.47414,1.47214,1.5200,2.4600
28.01.2014 00:17:05.679,1.47413,1.47213,1.4200,1.2900
28.01.2014 00:17:07.110,1.47413,1.47213,1.0800,2.2800
28.01.2014 00:17:08.436,1.47414,1.47214,1.9900,2.4400
28.01.2014 00:17:09.879,1.47416,1.47216,2.0400,2.2600
28.01.2014 00:17:11.255,1.47416,1.47216,1.3400,1.7700
28.01.2014 00:17:12.727,1.47418,1.47218,1.6200,2.2400
28.01.2014 00:17:13.976,1.47417,1.47217,1.0300,2.1500
28.01.2014 00:17:15.433,1.47416,1.47216,2.2300,2.5300
28.01.2014 00:17:16.737,1.47415,1.47215,1.7400,2.6500
28.01.2014 00:17:18.264,1.47416,1.47216,1.1500,2.5900
28.01.2014 00:17:19.572,1.47416,1.47216,1.5700,2.2300
28.01.2014 00:17:21.144,1.47418,1.47218,1.6200,2.3900
28.01.2014 00:17:22.611,1.47418,1.47218,2.2800,1.6200
28.01.2014 00:17:24.140,1.47417,1.47217,2.6100,2.1100
28.01.2014 00:17:25.522,1.47417,1.47217,2.5000,2.8600
28.01.2014 00:17:26.783,1.47419,1.47219,1.4400,2.4300
28.01.2014 00:17:28.162,1.47417,1.47217,1.6800,2.1800
28.01.2014 00:17:29.529,1.47417,1.47217,1.3600,2.7400
28.01.2014 00:17:30.988,1.47420,1.47220,1.6700,2.8200
28.01.2014 00:17:32.375,1.47423,1.47223,1.6100,2.3800
28.01.2014 00:17:33.836,1.47424,1.47224,2.0700,2.8900
28.01.2014 00:17:35.246,1.47424,1.47224,1.6200,2.3800
28.01.2014 00:17:36.572,1.47423,1.47223,1.4000,2.2800
28.01.2014 00:17:37.884,1.47425,1.47225,1.4600,1.6500
28.01.2014 00:17:39.313,1.47426,1.47226,1.7400,1.9300
28.01.2014 00:17:40.882,1.47425,1.47225,2.9500,1.5300
28.01.2014 00:17:42.224,1.47424,1.47224,2.9500,1.8600
28.01.2014 00:17:43.769,1.47422,1.47222,1.3700,1.1000
28.01.2014 00:17:45.281,1.47423,1.47223,1.3500,2.5100
28.01.2014 00:17:46.559,1.47423,1.47223,2.5600,1.5900
28.01.2014 00:17:48.012,1.47423,1.47223,1.8100,1.1900
28.01.2014 00:17:49.525,1.47425,1.47225,3.0000,2.1200
28.01.2014 00:17:50.997,1.47423,1.47223,1.3200,1.8400
28.01.2014 00:17:52.507,1.47424,1.47224,2.9300,1.9900
28.01.2014 00:17:53.829,1.47424,1.47224,2.7400,2.0000
28.01.2014 00:17:55.259,1.47424,1.47224,1.0700,2.2100
28.01.2014 00:17:56.751,1.47421,1.47221,1.2600,1.9900
28.01.2014 00:17:58.119,1.47424,1.47224,2.6700,1.1900
28.01.2014 00:17:59.535,1.47424,1.47224,1.6400,2.1200
28.01.2014 00:18:00.935,1.47421,1.47221,2.7400,1.5300
28.01.2014 00:18:02.273,1.47421,1.47221,1.0800,2.5300
28.01.2014 00:18:03.686,1.47423,1.47223,2.9300,1.7400
28.01.2014 00:18:05.194,1.47423,1.47223,1.6600,1.9700
28.01.2014 00:18:06.660,1.47421,1.47221,2.7200,1.9400
28.01.2014 00:18:08.180,1.47422,1.47222,1.6800,2.1000
28.01.2014 00:18:09.640,1.47422,1.47222,2.0000,1.4000
28.01.2014 00:18:11.203,1.47424,1.47224,1.1400,2.1300
28.01.2014 00:18:12.546,1.47428,1.47228,1.3900,1.9500
28.01.2014 00:18:14.013,1.47428,1.47228,1.3300,1.6800
28.01.2014 00:18:15.334,1.47429,1.47229,1.4600,2.7500
28.01.2014 00:18:16.700,1.47430,1.47230,2.6000,1.4000
28.01.2014 00:18:17.991,1.47430,1.47230,2.7900,2.9100
28.01.2014 00:18:19.431,1.47429,1.47229,1.7900,2.0800
28.01.2014 00:18:20.784,1.47431,1.47231,1.0500,1.5400
28.01.2014 00:18:22.231,1.47430,1.47230,2.2200,1.6100
28.01.2014 00:18:23.463,1.47430,1.47230,1.9800,1.5800
28.01.2014 00:18:25.011,1.47431,1.47231,1.6800,2.1600
28.01.2014 00:18:26.433,1.47433,1.47233,2.4600,1.8300
28.01.2014 00:18:27.718,1.47433,1.47233,2.9400,1.0800
28.01.2014 00:18:29.054,1.47434,1.47234,2.7500,1.7400
28.01.2014 00:18:30.303,1.47434,1.47234,2.2000,2.6900
28.01.2014 00:18:31.649,1.47433,1.47233,1.2400,1.4300
28.01.2014 00:18:33.038,1.47433,1.47233,1.6100,1.1700
28.01.2014 00:18:34.347,1.47431,1.47231,2.5500,2.5900
28.01.2014 00:18:35.825,1.47433,1.47233,1.8200,1.8700
28.01.2014 00:18:37.290,1.47430,1.47230,2.5700,1.6800
28.01.2014 00:18:38.552,1.47431,1.47231,1.9900,1.7700
28.01.2014 00:18:40.026,1.47432,1.47232,1.8000,2.0000
28.01.2014 00:18:41.523,1.47432,1.47232,1.5500,1.1900
28.01.2014 00:18:42.960,1.47431,1.47231,2.8300,1.5200
28.01.2014 00:18:44.271,1.47433,1.47233,2.8100,1.8800
28.01.2014 00:18:45.679,1.47433,1.47233,1.2500,1.9400
28.01.2014 00:18:47.207,1.47431,1.47231,2.0500,1.3100
28.01.2014 00:18:48.652,1.47431,1.47231,1.0800,1.0500
28.01.2014 00:18:50.062,1.47432,1.47232,2.0900,1.4600
28.01.2014 00:18:51.144,1.47430,1.47230,2.4900,2.8600
28.01.2014 00:18:52.409,1.47431,1.47231,2.8000,2.4700
28.01.2014 00:18:53.786,1.47432,1.47232,2.2800,1.7400
28.01.2014 00:18:55.358,1.47433,1.47233,1.5900,1.2500
28.01.2014 00:18:56.766,1.47431,1.47231,2.8800,1.3400
28.01.2014 00:18:58.138,1.47431,1.47231,1.0200,2.0900
28.01.2014 00:18:59.574,1.47430,1.47230,1.1100,2.1100
28.01.2014 00:19:01.003,1.47431,1.47231,1.8000,2.4300
28.01.2014 00:19:02.331,1.47432,1.47232,1.7800,2.1600
28.01.2014 00:19:03.757,1.47433,1.47233,1.3400,2.4700
28.01.2014 00:19:05.156,1.47431,1.47231,2.5600,2.6900
28.01.2014 00:19:06.335,1.47428,1.47228,1.3400,1.8100
28.01.2014 00:19:07.768,1.47429,1.47229,2.2800,1.7200
28.01.2014 00:19:09.426,1.47430,1.47230,1.0200,2.1500
28.01.2014 00:19:10.958,1.47434,1.47234,2.8600,1.1900
28.01.2014 00:19:12.391,1.47435,1.47235,1.1500,2.5400
28.01.2014 00:19:13.632,1.47436,1.47236,2.9500,2.9100
28.01.2014 00:19:15.022,1.47437,1.47237,2.7400,1.5600
28.01.2014 00:19:16.617,1.47435,1.47235,1.7900,1.2900
28.01.2014 00:19:18.011,1.47435,1.47235,2.4100,2.8900
28.01.2014 00:19:19.517,1.47435,1.47235,1.9300,2.0400
28.01.2014 00:19:21.086,1.47434,1.47234,2.8400,3.0000
28.01.2014 00:19:22.568,1.47433,1.47233,2.1400,2.4000
28.01.2014 00:19:24.124,1.47433,1.47233,2.1100,1.3700
28.01.2014 00:19:25.516,1.47434,1.47234,2.1200,1.7000
28.01.2014 00:19:27.017,1.47433,1.47233,2.7400,1.0800
28.01.2014 00:19:28.579,1.47435,1.47235,2.3200,2.8000
28.01.2014 00:19:29.806,1.47435,1.47235,1.1000,2.0800
28.01.2014 00:19:31.079,1.47435,1.47235,2.5100,2.2400
28.01.2014 00:19:32.550,1.47437,1.47237,2.2800,2.9600
28.01.2014 00:19:33.952,1.47435,1.47235,2.2200,2.3300
28.01.2014 00:19:35.352,1.47435,1.47235,1.5900,1.1500
28.01.2014 00:19:36.791,1.47436,1.47236,1.6300,2.6600
28.01.2014 00:19:38.051,1.47439,1.47239,1.2500,1.9300
28.01.2014 00:19:39.419,1.47440,1.47240,2.1700,1.8300
28.01.2014 00:19:40.843,1.47437,1.47237,1.6000,1.1100
28.01.2014 00:19:42.236,1.47437,1.47237,1.1200,1.6700
28.01.2014 00:19:43.440,1.47436,1.47236,2.0700,2.1400
28.01.2014 00:19:44.888,1.47435,1.47235,1.7400,1.3600
28.01.2014 00:19:46.310,1.47436,1.47236,1.6900,1.8900
28.01.2014 00:19:47.841,1.47437,1.47237,1.1400,1.5900
28.01.2014 00:19:49.398,1.47439,1.47239,2.8800,1.5300
28.01.2014 00:19:50.719,1.47437,1.47237,1.1100,1.6900
28.01.2014 00:19:52.155,1.47437,1.47237,1.1200,1.9100
28.01.2014 00:19:53.512,1.47438,1.47238,3.0000,2.1100
28.01.2014 00:19:54.995,1.47437,1.47237,2.8900,1.0000
28.01.2014 00:19:56.511,1.47436,1.47236,1.1500,2.7100
28.01.2014 00:19:58.031,1.47437,1.47237,1.8500,1.3400
28.01.2014 00:19:59.267,1.47441,1.47241,1.9700,1.6200
28.01.2014 00:20:00.763,1.47441,1.47241,1.4600,1.4900
28.01.2014 00:20:02.042,1.47441,1.47241,1.4000,1.2300
28.01.2014 00:20:03.318,1.47440,1.47240,1.0200,1.2600
28.01.2014 00:20:04.801,1.47439,1.47239,2.7000,2.4900
28.01.2014 00:20:06.212,1.47438,1.47238,2.7400,1.6500
28.01.2014 00:20:07.556,1.47436,1.47236,2.3500,1.7600
28.01.2014 00:20:08.920,1.47432,1.47232,2.7900,2.7300
28.01.2014 00:20:10.411,1.47432,1.47232,1.9800,2.5700
28.01.2014 00:20:11.747,1.47433,1.47233,1.0000,1.4400
28.01.2014 00:20:13.155,1.47436,1.47236,2.9500,2.0200
28.01.2014 00:20:14.477,1.47436,1.47236,1.9400,2.0900
28.01.2014 00:20:15.910,1.47437,1.47237,1.0400,1.1200
28.01.2014 00:20:17.263,1.47437,1.47237,1.4100,1.0100
28.01.2014 00:20:18.812,1.47438,1.47238,2.3700,2.9500
28.01.2014 00:20:20.189,1.47434,1.47234,2.2200,2.0900
28.01.2014 00:20:21.703,1.47433,1.47233,2.1500,2.6600
28.01.2014 00:20:22.867,1.47435,1.47235,1.8500,2.3100
28.01.2014 00:20:24.131,1.47436,1.47236,1.3200,2.6300
28.01.2014 00:20:25.714,1.47434,1.47234,1.0800,1.2700
28.01.2014 00:20:26.996,1.47435,1.47235,1.5500,1.3700
28.01.2014 00:20:28.526,1.47436,1.47236,1.4400,1.1800
28.01.2014 00:20:29.952,1.47435,1.47235,2.5100,2.0600
28.01.2014 00:20:31.321,1.47436,1.47236,1.3200,2.8300
28.01.2014 00:20:32.680,1.47439,1.47239,2.0800,1.7500
28.01.2014 00:20:34.174,1.47439,1.47239,2.6900,2.4600
28.01.2014 00:20:35.663,1.47439,1.47239,2.7900,2.8900
28.01.2014 00:20:37.130,1.47437,1.47237,1.3400,2.3400
28.01.2014 00:20:38.420,1.47438,1.47238,2.2400,1.4500
28.01.2014 00:20:39.868,1.47436,1.47236,2.3400,2.3000
28.01.2014 00:20:41.271,1.47436,1.47236,2.3100,2.9000
28.01.2014 00:20:42.521,1.47436,1.47236,2.1200,1.3400
28.01.2014 00:20:43.949,1.47439,1.47239,2.5500,2.8700
28.01.2014 00:20:45.414,1.47438,1.47238,2.4300,1.6700
28.01.2014 00:20:46.842,1.47435,1.47235,1.2700,2.7300
28.01.2014 00:20:48.180,1.47433,1.47233,1.0400,1.5500
28.01.2014 00:20:49.525,1.47433,1.47233,1.9100,2.2600
28.01.2014 00:20:51.051,1.47437,1.47237,1.4500,1.8100
28.01.2014 00:20:52.544,1.47435,1.47235,1.1300,2.2600
28.01.2014 00:20:53.919,1.47433,1.47233,1.2500,1.4100
28.01.2014 00:20:55.380,1.47431,1.47231,2.0400,2.3500
28.01.2014 00:20:56.832,1.47432,1.47232,2.3500,1.9000
28.01.2014 00:20:58.119,1.47434,1.47234,1.4000,2.8100
28.01.2014 00:20:59.519,1.47434,1.47234,1.7400,2.4300
28.01.2014 00:21:00.955,1.47435,1.47235,1.5800,1.8000
28.01.2014 00:21:02.482,1.47438,1.47238,1.6200,1.3400
28.01.2014 00:21:03.834,1.47438,1.47238,2.0400,1.6200
28.01.2014 00:21:05.295,1.47438,1.47238,1.6200,2.2600
28.01.2014 00:21:06.577,1.47441,1.47241,1.5700,2.8000
28.01.2014 00:21:08.046,1.47442,1.47242,2.9200,2.4000
28.01.2014 00:21:09.514,1.47439,1.47239,1.7600,2.7000
28.01.2014 00:21:10.918,1.47437,1.47237,2.5500,2.7600
28.01.2014 00:21:12.319,1.47438,1.47238,1.7000,1.5000
28.01.2014 00:21:13.698,1.47438,1.47238,1.2100,2.2000
28.01.2014 00:21:15.269,1.47438,1.47238,1.1900,1.5300
28.01.2014 00:21:16.722,1.47438,1.47238,2.4400,1.6600
28.01.2014 00:21:18.016,1.47438,1.47238,1.1800,1.1700
28.01.2014 00:21:19.378,1.47439,1.47239,2.3200,1.7300
28.01.2014 00:21:20.927,1.47440,1.47240,1.7400,1.6800
28.01.2014 00:21:22.462,1.47440,1.47240,2.3000,1.5500
28.01.2014 00:21:23.838,1.47443,1.47243,2.5800,2.2500
28.01.2014 00:21:25.180,1.47443,1.47243,2.4000,1.9500
28.01.2014 00:21:26.496,1.47447,1.47247,1.8000,2.4500
28.01.2014 00:21:27.744,1.47443,1.47243,1.7200,2.4200
28.01.2014 00:21:29.139,1.47440,1.47240,1.9400,2.0300
28.01.2014 00:21:30.664,1.47440,1.47240,1.2700,1.6500
28.01.2014 00:21:32.016,1.47439,1.47239,1.5000,1.7500
28.01.2014 00:21:33.564,1.47438,1.47238,2.8600,1.2700
28.01.2014 00:21:35.158,1.47440,1.47240,1.3600,1.0100
28.01.2014 00:21:36.568,1.47441,1.47241,1.4700,1.6600
28.01.2014 00:21:38.054,1.47442,1.47242,2.4900,1.3600
28.01.2014 00:21:39.577,1.47445,1.47245,1.8300,1.5200
28.01.2014 00:21:40.875,1.47443,1.47243,1.6000,1.0400
28.01.2014 00:21:42.331,1.47444,1.47244,2.4900,1.8400
28.01.2014 00:21:43.751,1.47446,1.47246,2.9800,1.5700
28.01.2014 00:21:45.291,1.47445,1.47245,2.4200,1.5800
28.01.2014 00:21:46.672,1.47444,1.47244,2.5300,2.3800
28.01.2014 00:21:48.088,1.47444,1.47244,2.7300,2.9000
28.01.2014 00:21:49.655,1.47446,1.47246,2.0000,1.0100
28.01.2014 00:21:51.094,1.47442,1.47242,1.0400,1.2100
28.01.2014 00:21:52.591,1.47441,1.47241,2.5400,2.4300
28.01.2014 00:21:54.058,1.47443,1.47243,1.5700,1.8800
28.01.2014 00:21:55.382,1.47441,1.47241,1.3500,1.7200
28.01.2014 00:21:56.670,1.47440,1.47240,2.5900,2.6800
28.01.2014 00:21:58.073,1.47440,1.47240,1.4200,2.8000
28.01.2014 00:21:59.177,1.47440,1.47240,1.5900,2.4700
28.01.2014 00:22:00.658,1.47439,1.47239,2.5100,2.5300
28.01.2014 00:22:02.025,1.47441,1.47241,1.1100,2.0900
28.01.2014 00:22:03.419,1.47440,1.47240,1.4200,1.1000
28.01.2014 00:22:04.729,1.47443,1.47243,1.2000,1.9700
28.01.2014 00:22:06.016,1.47443,1.47243,1.2500,1.8000
28.01.2014 00:22:07.336,1.47443,1.47243,2.6100,1.4400
28.01.2014 00:22:08.562,1.47443,1.47243,2.1800,2.1000
28.01.2014 00:22:10.205,1.47441,1.47241,2.7700,1.5200
28.01.2014 00:22:11.700,1.47441,1.47241,2.1700,1.7200
28.01.2014 00:22:13.039,1.47440,1.47240,2.0700,2.6600
28.01.2014 00:22:14.386,1.47438,1.47238,1.0500,2.5300
28.01.2014 00:22:15.765,1.47439,1.47239,1.9700,1.5500
28.01.2014 00:22:17.114,1.47440,1.47240,2.0700,2.1000
28.01.2014 00:22:18.422,1.47440,1.47240,2.7100,1.2700
28.01.2014 00:22:19.866,1.47441,1.47241,2.2400,2.7000
28.01.2014 00:22:21.204,1.47440,1.47240,2.7600,2.6200
28.01.2014 00:22:22.578,1.47439,1.47239,1.9400,1.5700
28.01.2014 00:22:23.949,1.47440,1.47240,2.0600,1.8700
28.01.2014 00:22:25.423,1.47441,1.47241,2.2600,2.8000
28.01.2014 00:22:26.824,1.47441,1.47241,1.3500,1.8800
28.01.2014 00:22:28.335,1.47443,1.47243,2.8700,2.3500
28.01.2014 00:22:29.515,1.47447,1.47247,1.6100,2.1000
28.01.2014 00:22:30.870,1.47450,1.47250,3.0000,1.9400
28.01.2014 00:22:32.237,1.47451,1.47251,2.5500,1.6900
28.01.2014 00:22:33.774,1.47447,1.47247,2.6100,1.3000
28.01.2014 00:22:35.293,1.47448,1.47248,2.1300,1.1400
28.01.2014 00:22:36.702,1.47448,1.47248,2.0100,1.3700
28.01.2014 00:22:38.137,1.47449,1.47249,2.7900,2.0400
28.01.2014 00:22:39.431,1.47450,1.47250,1.7800,2.6300
28.01.2014 00:22:40.747,1.47450,1.47250,1.7800,2.0500
28.01.2014 00:22:42.182,1.47450,1.47250,2.1200,2.2100
28.01.2014 00:22:43.697,1.47449,1.47249,2.7800,1.0500
28.01.2014 00:22:45.119,1.47449,1.47249,1.8800,1.3200
28.01.2014 00:22:46.497,1.47448,1.47248,1.8100,1.8500
28.01.2014 00:22:47.858,1.47450,1.47250,2.5900,1.8200
28.01.2014 00:22:49.378,1.47449,1.47249,2.3300,2.8200
28.01.2014 00:22:50.724,1.47446,1.47246,2.7500,1.8100
28.01.2014 00:22:52.091,1.47448,1.47248,1.0000,1.1300
28.01.2014 00:22:53.552,1.47447,1.47247,1.1800,1.5400
28.01.2014 00:22:55.107,1.47449,1.47249,1.5300,1.9900
28.01.2014 00:22:56.510,1.47446,1.47246,1.2800,1.5700
28.01.2014 00:22:57.952,1.47446,1.47246,1.4200,1.9400
28.01.2014 00:22:59.360,1.47445,1.47245,2.8300,2.7200
28.01.2014 00:23:00.705,1.47448,1.47248,2.5600,2.5600
28.01.2014 00:23:02.077,1.47448,1.47248,1.1700,2.5500
28.01.2014 00:23:03.399,1.47447,1.47247,1.2800,1.3100
28.01.2014 00:23:04.884,1.47448,1.47248,2.6000,2.7200
28.01.2014 00:23:06.215,1.47444,1.47244,1.3200,2.0000
28.01.2014 00:23:07.805,1.47442,1.47242,1.6400,2.7800
28.01.2014 00:23:09.262,1.47438,1.47238,1.9300,2.8600
28.01.2014 00:23:10.656,1.47438,1.47238,1.0900,2.5000
28.01.2014 00:23:12.052,1.47436,1.47236,1.7500,2.0900
28.01.2014 00:23:13.464,1.47433,1.47233,2.9000,2.5000
28.01.2014 00:23:14.678,1.47434,1.47234,2.0500,2.7300
28.01.2014 00:23:15.886,1.47436,1.47236,1.7600,2.2200
28.01.2014 00:23:17.182,1.47435,1.47235,1.2200,2.5600
28.01.2014 00:23:18.705,1.47434,1.47234,1.2000,2.0400
28.01.2014 00:23:20.093,1.47432,1.47232,1.2200,2.7200
28.01.2014 00:23:21.358,1.47433,1.47233,1.7600,2.3100
28.01.2014 00:23:22.907,1.47434,1.47234,2.0900,1.9800
28.01.2014 00:23:24.355,1.47432,1.47232,1.3800,1.9300
28.01.2014 00:23:25.701,1.47431,1.47231,1.3100,2.3200
28.01.2014 00:23:27.115,1.47432,1.47232,1.3700,2.8800
28.01.2014 00:23:28.649,1.47431,1.47231,2.8100,2.3700
28.01.2014 00:23:29.977,1.47428,1.47228,2.4000,2.6500
28.01.2014 00:23:31.484,1.47427,1.47227,2.6500,2.6600
28.01.2014 00:23:33.022,1.47425,1.47225,1.1200,2.1000
28.01.2014 00:23:34.416,1.47428,1.47228,2.7300,1.3600
28.01.2014 00:23:36.018,1.47430,1.47230,1.8200,1.7900
28.01.2014 00:23:37.249,1.47427,1.47227,2.5900,1.6600
28.01.2014 00:23:38.663,1.47426,1.47226,1.1600,2.5400
28.01.2014 00:23:40.097,1.47424,1.47224,1.3800,1.5700
28.01.2014 00:23:41.454,1.47420,1.47220,2.0300,2.8600
28.01.2014 00:23:43.017,1.47420,1.47220,1.1100,1.1600
28.01.2014 00:23:44.592,1.47421,1.47221,1.7500,2.6700
28.01.2014 00:23:45.904,1.47419,1.47219,1.7500,2.6100
28.01.2014 00:23:47.435,1.47421,1.47221,2.3000,2.4500
28.01.2014 00:23:48.874,1.47418,1.47218,1.4100,1.9800
28.01.2014 00:23:50.430,1.47416,1.47216,1.4400,1.8900
28.01.2014 00:23:51.620,1.47416,1.47216,2.2700,1.2500
28.01.2014 00:23:53.011,1.47416,1.47216,2.2300,2.9000
28.01.2014 00:23:54.316,1.47415,1.47215,2.9000,2.2100
28.01.2014 00:23:55.635,1.47417,1.47217,1.8600,2.6600
28.01.2014 00:23:57.032,1.47416,1.47216,1.6200,2.8500
28.01.2014 00:23:58.467,1.47419,1.47219,3.0000,2.4800
28.01.2014 00:23:59.966,1.47421,1.47221,3.0000,2.8800
28.01.2014 00:24:01.351,1.47420,1.47220,2.6600,1.1600
28.01.2014 00:24:02.779,1.47420,1.47220,2.8400,1.9400
28.01.2014 00:24:04.279,1.47419,1.47219,2.4800,1.1800
28.01.2014 00:24:05.566,1.47420,1.47220,1.3700,1.7900
28.01.2014 00:24:07.138,1.47421,1.47221,2.1400,1.4400
28.01.2014 00:24:08.728,1.47422,1.47222,2.8800,1.9100
28.01.2014 00:24:10.240,1.47421,1.47221,1.3600,2.3200
28.01.2014 00:24:11.674,1.47423,1.47223,2.5700,1.5800
28.01.2014 00:24:13.065,1.47424,1.47224,1.1800,1.6800
28.01.2014 00:24:14.381,1.47423,1.47223,2.8600,2.7400
28.01.2014 00:24:15.734,1.47425,1.47225,2.9100,2.9300
28.01.2014 00:24:17.040,1.47423,1.47223,1.6200,2.1600
28.01.2014 00:24:18.287,1.47420,1.47220,1.5600,1.2900
28.01.2014 00:24:19.795,1.47420,1.47220,1.0600,1.0900
28.01.2014 00:24:21.160,1.47420,1.47220,2.2900,2.2900
28.01.2014 00:24:22.493,1.47421,1.47221,1.4700,2.8200
28.01.2014 00:24:23.967,1.47423,1.47223,2.3000,1.3500
28.01.2014 00:24:25.235,1.47420,1.47220,2.5400,2.8200
28.01.2014 00:24:26.705,1.47418,1.47218,1.8100,2.3400
28.01.2014 00:24:28.163,1.47418,1.47218,1.2100,2.3100
28.01.2014 00:24:29.600,1.47419,1.47219,2.6600,2.5900
28.01.2014 00:24:31.048,1.47417,1.47217,1.3000,2.1700
28.01.2014 00:24:32.563,1.47415,1.47215,2.3100,1.7700
28.01.2014 00:24:33.864,1.47416,1.47216,1.2100,1.1100
28.01.2014 00:24:35.374,1.47416,1.47216,1.4600,1.3200
28.01.2014 00:24:36.933,1.47416,1.47216,2.0800,2.7500
28.01.2014 00:24:38.260,1.47414,1.47214,1.6400,2.9400
28.01.2014 00:24:39.718,1.47417,1.47217,1.8100,1.0100
28.01.2014 00:24:41.043,1.47416,1.47216,1.9900,1.3400
28.01.2014 00:24:42.437,1.47416,1.47216,2.3100,2.0500
28.01.2014 00:24:44.045,1.47416,1.47216,2.3700,2.3000
28.01.2014 00:24:45.436,1.47415,1.47215,2.4500,1.3300
28.01.2014 00:24:46.954,1.47416,1.47216,1.5600,1.9200
28.01.2014 00:24:48.468,1.47417,1.47217,1.4500,2.0000
28.01.2014 00:24:49.784,1.47416,1.47216,1.2100,2.2000
28.01.2014 00:24:51.220,1.47418,1.47218,2.0000,2.7600
28.01.2014 00:24:52.586,1.47418,1.47218,2.1100,1.8200
28.01.2014 00:24:54.047,1.47418,1.47218,2.3000,1.7700
28.01.2014 00:24:55.299,1.47421,1.47221,2.4200,1.3500
28.01.2014 00:24:56.623,1.47422,1.47222,1.2500,2.2900
28.01.2014 00:24:57.898,1.47420,1.47220,1.3500,1.0800
28.01.2014 00:24:59.453,1.47419,1.47219,2.7600,1.9200
28.01.2014 00:25:00.740,1.47419,1.47219,2.0400,2.6300
28.01.2014 00:25:02.061,1.47419,1.47219,2.5400,1.8500
28.01.2014 00:25:03.493,1.47417,1.47217,1.3300,1.9600
28.01.2014 00:25:04.837,1.47419,1.47219,1.7600,1.4600
28.01.2014 00:25:06.184,1.47421,1.47221,2.9200,2.7900
28.01.2014 00:25:07.607,1.47422,1.47222,2.6700,2.7100
28.01.2014 00:25:08.865,1.47422,1.47222,2.9600,2.4600
28.01.2014 00:25:10.293,1.47423,1.47223,1.3800,1.4600
28.01.2014 00:25:11.779,1.47424,1.47224,2.5200,2.9800
28.01.2014 00:25:13.004,1.47423,1.47223,2.3100,1.9400
28.01.2014 00:25:14.408,1.47422,1.47222,2.5400,2.8400
28.01.2014 00:25:15.958,1.47418,1.47218,1.1200,2.1200
28.01.2014 00:25:17.317,1.47418,1.47218,2.5100,2.0200
28.01.2014 00:25:18.800,1.47418,1.47218,2.8800,1.2400
28.01.2014 00:25:20.014,1.47418,1.47218,1.8200,2.3800
28.01.2014 00:25:21.411,1.47419,1.47219,1.4400,2.2900
28.01.2014 00:25:22.655,1.47419,1.47219,1.0800,2.7300
28.01.2014 00:25:24.262,1.47417,1.47217,2.4400,1.9500
28.01.2014 00:25:25.743,1.47416,1.47216,2.9600,2.3500
28.01.2014 00:25:27.230,1.47416,1.47216,1.5500,1.2000
28.01.2014 00:25:28.727,1.47414,1.47214,1.3500,1.1600
28.01.2014 00:25:30.244,1.47416,1.47216,2.8600,2.0800
28.01.2014 00:25:31.583,1.47419,1.47219,2.6500,1.7800
28.01.2014 00:25:32.775,1.47418,1.47218,1.0400,2.8400
28.01.2014 00:25:34.109,1.47418,1.47218,1.6000,1.2900
28.01.2014 00:25:35.400,1.47420,1.47220,2.6800,1.5900
28.01.2014 00:25:36.701,1.47420,1.47220,2.7900,1.3900
28.01.2014 00:25:38.038,1.47422,1.47222,1.3200,1.1900
28.01.2014 00:25:39.316,1.47420,1.47220,1.1100,2.4800
28.01.2014 00:25:40.778,1.47422,1.47222,1.4500,2.2000
28.01.2014 00:25:42.120,1.47421,1.47221,1.0900,1.6400
28.01.2014 00:25:43.596,1.47422,1.47222,1.7600,1.5200
28.01.2014 00:25:45.117,1.47421,1.47221,2.5900,2.6900
28.01.2014 00:25:46.497,1.47419,1.47219,2.1000,1.9400
28.01.2014 00:25:47.944,1.47420,1.47220,2.5300,1.5600
28.01.2014 00:25:49.464,1.47422,1.47222,1.5700,1.0700
28.01.2014 00:25:50.996,1.47422,1.47222,1.8700,1.6900
28.01.2014 00:25:52.382,1.47427,1.47227,1.6700,1.2800
28.01.2014 00:25:53.676,1.47428,1.47228,1.9300,2.3300
28.01.2014 00:25:55.032,1.47428,1.47228,1.1000,2.8100
28.01.2014 00:25:56.500,1.47429,1.47229,2.0500,1.3300
28.01.2014 00:25:57.932,1.47429,1.47229,1.0900,1.7400
28.01.2014 00:25:59.171,1.47427,1.47227,1.3100,2.1600
28.01.2014 00:26:00.709,1.47430,1.47230,1.2900,1.4300
28.01.2014 00:26:02.237,1.47433,1.47233,2.2200,2.1300
28.01.2014 00:26:03.835,1.47435,1.47235,2.4300,2.1800
28.01.2014 00:26:05.415,1.47434,1.47234,2.2900,2.8900
28.01.2014 00:26:06.867,1.47434,1.47234,2.5400,1.6800
28.01.2014 00:26:08.095,1.47433,1.47233,1.1200,2.9800
28.01.2014 00:26:09.710,1.47432,1.47232,1.8600,1.9500
28.01.2014 00:26:11.067,1.47433,1.47233,1.2800,1.6300
28.01.2014 00:26:12.548,1.47433,1.47233,2.5400,1.5100
28.01.2014 00:26:14.037,1.47431,1.47231,2.9800,1.4300
28.01.2014 00:26:15.410,1.47432,1.47232,1.8800,1.7100
28.01.2014 00:26:16.624,1.47433,1.47233,1.9200,1.1600
28.01.2014 00:26:17.828,1.47434,1.47234,2.0300,2.9000
28.01.2014 00:26:19.246,1.47435,1.47235,2.1000,1.2600
28.01.2014 00:26:20.588,1.47436,1.47236,2.5100,2.0000
28.01.2014 00:26:22.026,1.47433,1.47233,2.3300,2.0000
28.01.2014 00:26:23.309,1.47436,1.47236,2.9000,2.1700
28.01.2014 00:26:24.800,1.47436,1.47236,2.5600,2.0200
28.01.2014 00:26:26.174,1.47436,1.47236,1.8200,1.8500
28.01.2014 00:26:27.525,1.47436,1.47236,2.0300,1.4000
28.01.2014 00:26:28.819,1.47436,1.47236,1.2800,2.1900
28.01.2014 00:26:30.287,1.47436,1.47236,1.0800,1.0700
28.01.2014 00:26:31.711,1.47437,1.47237,2.8000,1.6100
28.01.2014 00:26:33.076,1.47436,1.47236,2.5000,2.3100
28.01.2014 00:26:34.225,1.47436,1.47236,1.7800,2.1400
28.01.2014 00:26:35.626,1.47437,1.47237,2.0300,2.7600
28.01.2014 00:26:37.045,1.47438,1.47238,1.8200,2.1700
28.01.2014 00:26:38.477,1.47439,1.47239,1.0300,1.7400
28.01.2014 00:26:39.953,1.47440,1.47240,2.3600,1.3100
28.01.2014 00:26:41.231,1.47439,1.47239,2.4400,1.8200
28.01.2014 00:26:42.864,1.47440,1.47240,1.3600,2.1300
28.01.2014 00:26:44.144,1.47440,1.47240,2.1100,1.6300
28.01.2014 00:26:45.468,1.47441,1.47241,1.7500,2.3300
28.01.2014 00:26:46.891,1.47441,1.47241,1.5300,2.9000
28.01.2014 00:26:48.246,1.47442,1.47242,1.6800,1.3000
28.01.2014 00:26:49.482,1.47445,1.47245,2.4200,2.8000
28.01.2014 00:26:50.835,1.47446,1.47246,2.9900,2.0000
28.01.2014 00:26:52.258,1.47444,1.47244,2.3200,1.2700
28.01.2014 00:26:53.469,1.47444,1.47244,1.8000,2.6700
28.01.2014 00:26:54.768,1.47443,1.47243,1.1200,1.9900
28.01.2014 00:26:56.303,1.47441,1.47241,2.4500,2.9400
28.01.2014 00:26:57.676,1.47441,1.47241,1.8300,2.6100
28.01.2014 00:26:59.248,1.47444,1.47244,2.9400,2.1600
28.01.2014 00:27:00.766,1.47444,1.47244,2.3100,2.5200
28.01.2014 00:27:02.128,1.47442,1.47242,2.1600,1.8000
28.01.2014 00:27:03.721,1.47442,1.47242,1.3100,2.1400
28.01.2014 00:27:05.096,1.47442,1.47242,1.7600,1.8100
28.01.2014 00:27:06.462,1.47442,1.47242,1.6500,1.4300
28.01.2014 00:27:07.691,1.47442,1.47242,2.5600,2.8500
28.01.2014 00:27:09.016,1.47440,1.47240,2.5600,1.7000
28.01.2014 00:27:10.526,1.47437,1.47237,2.9900,1.1200
28.01.2014 00:27:12.157,1.47437,1.47237,2.2400,2.5100
28.01.2014 00:27:13.539,1.47437,1.47237,1.4400,2.7600
28.01.2014 00:27:14.783,1.47438,1.47238,2.7000,1.1200
28.01.2014 00:27:16.140,1.47438,1.47238,2.3800,2.2400
28.01.2014 00:27:17.454,1.47438,1.47238,1.9600,2.6400
28.01.2014 00:27:18.774,1.47440,1.47240,1.2000,2.5300
28.01.2014 00:27:20.270,1.47437,1.47237,2.0900,2.5500
28.01.2014 00:27:21.758,1.47439,1.47239,2.9700,2.6000
28.01.2014 00:27:23.170,1.47441,1.47241,2.4300,2.1500
28.01.2014 00:27:24.611,1.47441,1.47241,2.5400,1.4600
28.01.2014 00:27:25.969,1.47440,1.47240,1.5400,2.8600
28.01.2014 00:27:27.419,1.47440,1.47240,1.6800,1.7100
28.01.2014 00:27:28.677,1.47439,1.47239,2.1600,2.1700
28.01.2014 00:27:30.231,1.47439,1.47239,1.1400,2.2600
28.01.2014 00:27:31.663,1.47440,1.47240,1.5100,1.5100
28.01.2014 00:27:33.115,1.47439,1.47239,2.1400,2.7500
28.01.2014 00:27:34.529,1.47437,1.47237,2.0600,2.3600
28.01.2014 00:27:36.021,1.47438,1.47238,2.3000,1.0700
28.01.2014 00:27:37.381,1.47439,1.47239,1.7300,1.3300
28.01.2014 00:27:38.914,1.47436,1.47236,1.7700,2.8500
28.01.2014 00:27:40.574,1.47436,1.47236,2.4900,2.4900
28.01.2014 00:27:42.003,1.47433,1.47233,2.9000,1.3000
28.01.2014 00:27:43.294,1.47431,1.47231,2.5700,2.4300
28.01.2014 00:27:44.597,1.47429,1.47229,2.8100,2.1000
28.01.2014 00:27:45.783,1.47430,1.47230,1.2000,2.0600
28.01.2014 00:27:47.171,1.47430,1.47230,1.4000,2.1600
28.01.2014 00:27:48.523,1.47433,1.47233,2.4600,2.4900
28.01.2014 00:27:49.932,1.47433,1.47233,2.9000,1.9200
28.01.2014 00:27:51.236,1.47433,1.47233,2.2100,2.3800
28.01.2014 00:27:52.788,1.47435,1.47235,1.8600,2.5000
28.01.2014 00:27:54.241,1.47435,1.47235,2.9500,1.7100
28.01.2014 00:27:55.623,1.47433,1.47233,2.0800,2.5600
28.01.2014 00:27:57.035,1.47434,1.47234,2.4600,1.1500
28.01.2014 00:27:58.269,1.47435,1.47235,1.4600,2.1800
28.01.2014 00:27:59.744,1.47432,1.47232,2.8000,2.5900
28.01.2014 00:28:01.123,1.47433,1.47233,2.6200,1.9600
28.01.2014 00:28:02.517,1.47431,1.47231,1.6100,2.8000
28.01.2014 00:28:03.825,1.47430,1.47230,1.6700,1.2200
28.01.2014 00:28:05.165,1.47432,1.47232,2.9100,1.5900
28.01.2014 00:28:06.523,1.47431,1.47231,1.5100,1.7500
28.01.2014 00:28:07.988,1.47431,1.47231,2.0900,2.0600
28.01.2014 00:28:09.348,1.47431,1.47231,1.9200,2.6700
28.01.2014 00:28:10.793,1.47431,1.47231,2.0200,1.3300
28.01.2014 00:28:12.120,1.47432,1.47232,1.5000,1.6400
28.01.2014 00:28:13.684,1.47432,1.47232,2.5000,1.9800
28.01.2014 00:28:15.029,1.47430,1.47230,1.2500,2.2300
28.01.2014 00:28:16.481,1.47432,1.47232,1.0300,2.9800
28.01.2014 00:28:17.730,1.47432,1.47232,2.4000,1.1500
28.01.2014 00:28:18.999,1.47430,1.47230,2.3100,1.8100
28.01.2014 00:28:20.421,1.47430,1.47230,1.3400,2.2700
28.01.2014 00:28:21.738,1.47429,1.47229,2.5800,2.2500
28.01.2014 00:28:23.031,1.47430,1.47230,1.3200,2.4600
28.01.2014 00:28:24.316,1.47427,1.47227,2.2300,2.5500
28.01.2014 00:28:25.689,1.47426,1.47226,1.9200,2.6500
28.01.2014 00:28:27.162,1.47427,1.47227,2.7500,2.9000
28.01.2014 00:28:28.479,1.47426,1.47226,2.0000,1.1900
28.01.2014 00:28:29.917,1.47429,1.47229,1.1100,1.6100
28.01.2014 00:28:31.379,1.47430,1.47230,1.6800,2.2500
28.01.2014 00:28:32.625,1.47430,1.47230,1.0800,1.4600
28.01.2014 00:28:34.066,1.47428,1.47228,1.2700,1.4600
28.01.2014 00:28:35.316,1.47426,1.47226,1.3100,2.5500
28.01.2014 00:28:36.564,1.47425,1.47225,1.2500,1.6400
28.01.2014 00:28:37.949,1.47424,1.47224,1.9600,2.4700
28.01.2014 00:28:39.483,1.47423,1.47223,1.1200,2.2800
28.01.2014 00:28:40.822,1.47422,1.47222,1.0200,2.7900
28.01.2014 00:28:42.227,1.47420,1.47220,1.3200,2.7400
28.01.2014 00:28:43.784,1.47423,1.47223,2.7100,1.2800
28.01.2014 00:28:45.178,1.47421,1.47221,2.1000,1.7300
28.01.2014 00:28:46.648,1.47420,1.47220,2.1400,2.4700
28.01.2014 00:28:48.126,1.47420,1.47220,2.5400,2.6200
28.01.2014 00:28:49.443,1.47419,1.47219,1.1000,1.3500
28.01.2014 00:28:50.802,1.47419,1.47219,2.2000,1.4900
28.01.2014 00:28:52.245,1.47417,1.47217,2.3300,2.3100
28.01.2014 00:28:53.547,1.47417,1.47217,1.4900,2.6000
28.01.2014 00:28:54.987,1.47416,1.47216,1.3200,1.8500
28.01.2014 00:28:56.509,1.47416,1.47216,2.3500,2.1300
28.01.2014 00:28:57.913,1.47415,1.47215,1.5800,1.6000
28.01.2014 00:28:59.228,1.47416,1.47216,2.0300,1.0700
28.01.2014 00:29:00.727,1.47416,1.47216,1.8300,2.3400
28.01.2014 00:29:02.152,1.47419,1.47219,2.6300,2.7300
28.01.2014 00:29:03.608,1.47419,1.47219,2.2100,2.3300
28.01.2014 00:29:04.814,1.47416,1.47216,2.3300,2.3100
28.01.2014 00:29:06.115,1.47413,1.47213,2.5100,2.7500
28.01.2014 00:29:07.466,1.47410,1.47210,2.2300,2.4300
28.01.2014 00:29:08.875,1.47411,1.47211,1.8800,2.3400
28.01.2014 00:29:10.389,1.47407,1.47207,1.3200,2.1800
28.01.2014 00:29:11.911,1.47409,1.47209,2.7900,2.8200
28.01.2014 00:29:13.303,1.47410,1.47210,2.0800,1.1700
28.01.2014 00:29:14.874,1.47411,1.47211,1.7800,2.6300
28.01.2014 00:29:16.219,1.47410,1.47210,2.5000,2.9000
28.01.2014 00:29:17.736,1.47410,1.47210,1.0300,1.2400
28.01.2014 00:29:19.032,1.47411,1.47211,2.2600,2.2900
28.01.2014 00:29:20.371,1.47409,1.47209,1.3700,2.8200
28.01.2014 00:29:21.499,1.47408,1.47208,1.5700,1.8300
28.01.2014 00:29:23.092,1.47408,1.47208,1.9200,2.8500
28.01.2014 00:29:24.631,1.47403,1.47203,2.0800,2.6100
28.01.2014 00:29:26.057,1.47405,1.47205,1.8200,1.4300
28.01.2014 00:29:27.472,1.47405,1.47205,2.1600,2.2100
28.01.2014 00:29:28.812,1.47406,1.47206,1.0800,2.2700
28.01.2014 00:29:30.189,1.47406,1.47206,2.0000,2.4600
28.01.2014 00:29:31.646,1.47407,1.47207,1.3600,2.1400
28.01.2014 00:29:33.066,1.47404,1.47204,2.0700,2.9700
28.01.2014 00:29:34.490,1.47404,1.47204,1.1300,1.7200
28.01.2014 00:29:35.960,1.47403,1.47203,2.5300,2.1900
28.01.2014 00:29:37.294,1.47401,1.47201,2.6500,1.1200
28.01.2014 00:29:38.605,1.47399,1.47199,2.5200,1.5800
28.01.2014 00:29:39.977,1.47399,1.47199,1.9100,1.1600
28.01.2014 00:29:41.259,1.47400,1.47200,1.6200,2.4400
28.01.2014 00:29:42.576,1.47401,1.47201,2.0600,2.2500
28.01.2014 00:29:44.000,1.47400,1.47200,2.5000,1.5600
28.01.2014 00:29:45.173,1.47398,1.47198,2.5900,1.9400
28.01.2014 00:29:46.379,1.47401,1.47201,2.3700,2.8700
28.01.2014 00:29:47.776,1.47401,1.47201,1.2500,2.9600
28.01.2014 00:29:49.247,1.47401,1.47201,2.9000,1.7200
28.01.2014 00:29:50.689,1.47401,1.47201,1.2400,2.8000
28.01.2014 00:29:52.096,1.47400,1.47200,2.0300,2.7700
28.01.2014 00:29:53.434,1.47402,1.47202,1.6400,2.5100
28.01.2014 00:29:54.936,1.47402,1.47202,2.4700,2.9500
28.01.2014 00:29:56.261,1.47401,1.47201,1.4500,2.7700
28.01.2014 00:29:57.661,1.47402,1.47202,1.9700,2.8600
28.01.2014 00:29:59.012,1.47402,1.47202,2.2600,1.6100
28.01.2014 00:30:00.431,1.47404,1.47204,2.3600,2.1700
28.01.2014 00:30:01.908,1.47404,1.47204,2.8200,1.8700
28.01.2014 00:30:03.384,1.47402,1.47202,1.1200,2.6400
28.01.2014 00:30:04.736,1.47401,1.47201,2.8800,2.1000
28.01.2014 00:30:06.097,1.47401,1.47201,1.6500,1.1900
28.01.2014 00:30:07.590,1.47400,1.47200,1.8900,1.6600
28.01.2014 00:30:09.141,1.47398,1.47198,1.8900,2.9000
28.01.2014 00:30:10.551,1.47399,1.47199,2.3500,2.5100
28.01.2014 00:30:11.949,1.47398,1.47198,2.8800,1.4700
28.01.2014 00:30:13.338,1.47399,1.47199,1.6700,1.3600
28.01.2014 00:30:14.738,1.47400,1.47200,2.9600,2.7000
28.01.2014 00:30:16.168,1.47399,1.47199,1.8000,1.9000
28.01.2014 00:30:17.420,1.47400,1.47200,2.4600,1.3900
28.01.2014 00:30:18.733,1.47400,1.47200,1.7600,2.6600
28.01.2014 00:30:20.010,1.47400,1.47200,2.0600,2.1700
28.01.2014 00:30:21.331,1.47399,1.47199,2.4600,1.4700
28.01.2014 00:30:22.621,1.47399,1.47199,1.3200,1.6600
28.01.2014 00:30:24.053,1.47397,1.47197,2.3000,1.8600
28.01.2014 00:30:25.591,1.47395,1.47195,2.1600,2.9400
28.01.2014 00:30:27.033,1.47392,1.47192,1.6000,1.5800
28.01.2014 00:30:28.467,1.47392,1.47192,2.2800,1.8000
28.01.2014 00:30:29.876,1.47392,1.47192,2.6600,1.7200
28.01.2014 00:30:31.187,1.47394,1.47194,2.7000,1.6500
28.01.2014 00:30:32.684,1.47393,1.47193,2.0500,1.7300
28.01.2014 00:30:34.049,1.47395,1.47195,2.3100,2.9100
28.01.2014 00:30:35.424,1.47392,1.47192,2.6200,1.4900
28.01.2014 00:30:36.781,1.47391,1.47191,2.1300,2.6000
28.01.2014 00:30:38.111,1.47391,1.47191,1.3000,1.1200
28.01.2014 00:30:39.519,1.47391,1.47191,2.5700,2.1000
28.01.2014 00:30:40.943,1.47390,1.47190,2.7200,1.6800
28.01.2014 00:30:42.476,1.47389,1.47189,2.1400,1.5600
28.01.2014 00:30:43.745,1.47390,1.47190,1.0100,1.6300
28.01.2014 00:30:45.001,1.47390,1.47190,1.2800,1.3300
28.01.2014 00:30:46.322,1.47392,1.47192,1.3600,1.4600
28.01.2014 00:30:47.712,1.47391,1.47191,2.9100,1.5400
28.01.2014 00:30:49.093,1.47393,1.47193,1.7500,1.9700
28.01.2014 00:30:50.518,1.47394,1.47194,1.4000,1.8300
28.01.2014 00:30:51.916,1.47393,1.47193,2.5600,2.2100
28.01.2014 00:30:53.262,1.47393,1.47193,1.3400,2.2500
28.01.2014 00:30:54.596,1.47392,1.47192,1.3800,1.3200
28.01.2014 00:30:56.102,1.47393,1.47193,2.4700,2.9000
28.01.2014 00:30:57.486,1.47394,1.47194,2.0400,1.3000
28.01.2014 00:30:58.926,1.47394,1.47194,1.2600,2.3200
28.01.2014 00:31:00.140,1.47395,1.47195,1.5500,1.7400
28.01.2014 00:31:01.556,1.47394,1.47194,2.2900,2.7900
28.01.2014 00:31:02.955,1.47394,1.47194,1.4900,1.5800
28.01.2014 00:31:04.208,1.47393,1.47193,1.3300,1.6100
28.01.2014 00:31:05.793,1.47395,1.47195,2.9000,1.0900
28.01.2014 00:31:07.277,1.47393,1.47193,1.3500,2.9500
28.01.2014 00:31:08.686,1.47390,1.47190,2.4800,1.2200
28.01.2014 00:31:10.215,1.47390,1.47190,1.8600,2.3300
28.01.2014 00:31:11.697,1.47391,1.47191,2.3200,1.1200
28.01.2014 00:31:13.002,1.47390,1.47190,2.5400,1.3100
28.01.2014 00:31:14.368,1.47391,1.47191,1.9700,1.4700
28.01.2014 00:31:15.657,1.47389,1.47189,2.9600,1.9100
28.01.2014 00:31:17.039,1.47387,1.47187,1.1700,2.4100
28.01.2014 00:31:18.541,1.47386,1.47186,2.0100,2.5100
28.01.2014 00:31:19.988,1.47386,1.47186,2.9000,2.9400
28.01.2014 00:31:21.443,1.47387,1.47187,2.5100,1.8000
28.01.2014 00:31:22.899,1.47386,1.47186,2.9000,2.5800
28.01.2014 00:31:24.296,1.47386,1.47186,2.1300,1.2100
28.01.2014 00:31:25.633,1.47385,1.47185,2.2500,1.0300
28.01.2014 00:31:27.082,1.47386,1.47186,1.9900,1.2600
28.01.2014 00:31:28.463,1.47384,1.47184,1.9300,1.8400
28.01.2014 00:31:29.822,1.47384,1.47184,2.5300,1.9500
28.01.2014 00:31:31.175,1.47386,1.47186,1.7200,1.8300
28.01.2014 00:31:32.540,1.47386,1.47186,2.8500,1.4200
28.01.2014 00:31:33.831,1.47386,1.47186,2.4900,2.7600
28.01.2014 00:31:35.389,1.47383,1.47183,2.3500,2.9000
28.01.2014 00:31:37.009,1.47380,1.47180,1.7100,2.2000
28.01.2014 00:31:38.439,1.47377,1.47177,1.9400,1.9100
28.01.2014 00:31:40.063,1.47378,1.47178,2.3500,1.1300
28.01.2014 00:31:41.323,1.47379,1.47179,2.3600,1.5100
28.01.2014 00:31:42.840,1.47377,1.47177,2.5300,2.4900
28.01.2014 00:31:44.254,1.47376,1.47176,2.8100,1.7500
28.01.2014 00:31:45.818,1.47378,1.47178,1.5500,2.8200
28.01.2014 00:31:47.353,1.47379,1.47179,2.3100,2.6100
28.01.2014 00:31:48.752,1.47376,1.47176,1.4900,2.7500
28.01.2014 00:31:50.117,1.47374,1.47174,1.4400,1.7800
28.01.2014 00:31:51.370,1.47374,1.47174,2.2100,2.7100
28.01.2014 00:31:52.778,1.47374,1.47174,1.0300,2.2700
28.01.2014 00:31:54.126,1.47375,1.47175,1.5000,1.4800
28.01.2014 00:31:55.658,1.47376,1.47176,2.5300,2.0900
28.01.2014 00:31:57.271,1.47379,1.47179,2.8500,1.3200
28.01.2014 00:31:58.772,1.47380,1.47180,2.2900,2.8600
28.01.2014 00:32:00.165,1.47381,1.47181,2.8500,2.3700
28.01.2014 00:32:01.581,1.47379,1.47179,1.9600,2.4300
28.01.2014 00:32:02.940,1.47378,1.47178,2.7100,1.0900
28.01.2014 00:32:04.246,1.47379,1.47179,1.0900,1.4700
28.01.2014 00:32:05.523,1.47377,1.47177,1.4900,2.1300
28.01.2014 00:32:06.861,1.47373,1.47173,2.1300,2.4300
28.01.2014 00:32:08.337,1.47372,1.47172,2.3700,2.7900
28.01.2014 00:32:09.866,1.47367,1.47167,1.4700,1.0800
28.01.2014 00:32:11.324,1.47367,1.47167,2.6800,1.4600
28.01.2014 00:32:12.710,1.47367,1.47167,2.1900,1.6500
28.01.2014 00:32:14.081,1.47370,1.47170,2.3900,1.3700
28.01.2014 00:32:15.493,1.47369,1.47169,1.7200,2.4100
28.01.2014 00:32:16.914,1.47371,1.47171,2.6600,2.9800
28.01.2014 00:32:18.370,1.47372,1.47172,1.5900,2.1700
28.01.2014 00:32:19.645,1.47373,1.47173,1.1300,2.3100
28.01.2014 00:32:21.031,1.47375,1.47175,2.5400,2.4300
28.01.2014 00:32:22.630,1.47375,1.47175,1.2000,1.8300
28.01.2014 00:32:24.124,1.47371,1.47171,1.6600,1.0500
28.01.2014 00:32:25.595,1.47370,1.47170,1.2600,2.4100
28.01.2014 00:32:27.087,1.47371,1.47171,2.1300,2.0100
28.01.2014 00:32:28.520,1.47371,1.47171,2.9100,2.1100
28.01.2014 00:32:30.085,1.47368,1.47168,2.5100,1.5200
28.01.2014 00:32:31.472,1.47370,1.47170,1.2200,2.4500
28.01.2014 00:32:32.876,1.47367,1.47167,2.7600,1.4900
28.01.2014 00:32:34.091,1.47367,1.47167,1.7000,1.3100
28.01.2014 00:32:35.568,1.47368,1.47168,1.1000,1.1800
28.01.2014 00:32:36.975,1.47369,1.47169,2.1300,2.3800
28.01.2014 00:32:38.266,1.47368,1.47168,2.0000,1.2000
28.01.2014 00:32:39.736,1.47367,1.47167,2.4400,1.2500
28.01.2014 00:32:40.903,1.47367,1.47167,2.6900,1.0700
28.01.2014 00:32:42.336,1.47365,1.47165,2.4900,1.0600
28.01.2014 00:32:43.776,1.47366,1.47166,1.3900,2.1800
28.01.2014 00:32:45.136,1.47367,1.47167,2.0100,1.8400
28.01.2014 00:32:46.609,1.47369,1.47169,1.2100,1.0200
28.01.2014 00:32:48.007,1.47369,1.47169,1.3400,1.7600
28.01.2014 00:32:49.312,1.47369,1.47169,2.5900,2.3900
28.01.2014 00:32:50.676,1.47369,1.47169,1.7900,1.1700
28.01.2014 00:32:52.015,1.47368,1.47168,1.1500,1.5900
28.01.2014 00:32:53.579,1.47365,1.47165,1.3600,2.2400
28.01.2014 00:32:55.068,1.47367,1.47167,2.4300,1.7400
28.01.2014 00:32:56.428,1.47367,1.47167,2.2400,1.5200
28.01.2014 00:32:57.559,1.47366,1.47166,2.7900,1.4700
28.01.2014 00:32:58.939,1.47367,1.47167,2.6500,2.3000
28.01.2014 00:33:00.456,1.47372,1.47172,1.6600,2.5300
28.01.2014 00:33:01.783,1.47368,1.47168,1.3000,2.6800
28.01.2014 00:33:03.319,1.47368,1.47168,2.9300,2.5600
28.01.2014 00:33:04.723,1.47368,1.47168,1.2000,1.8800
28.01.2014 00:33:06.274,1.47372,1.47172,1.5700,1.5900
28.01.2014 00:33:07.797,1.47371,1.47171,1.0300,3.0000
28.01.2014 00:33:09.264,1.47369,1.47169,1.8800,1.7900
28.01.2014 00:33:10.637,1.47368,1.47168,1.4000,2.6500
28.01.2014 00:33:12.137,1.47366,1.47166,2.7200,2.0200
28.01.2014 00:33:13.603,1.47368,1.47168,2.6700,2.8900
28.01.2014 00:33:14.969,1.47369,1.47169,1.3400,1.6200
28.01.2014 00:33:16.301,1.47368,1.47168,2.6000,2.6600
28.01.2014 00:33:17.688,1.47367,1.47167,1.7100,2.0200
28.01.2014 00:33:19.246,1.47366,1.47166,1.5200,1.4200
28.01.2014 00:33:20.586,1.47368,1.47168,1.2400,1.2300
28.01.2014 00:33:22.030,1.47371,1.47171,1.1500,1.0800
28.01.2014 00:33:23.488,1.47372,1.47172,1.2600,2.4000
28.01.2014 00:33:24.966,1.47373,1.47173,2.3800,1.7200
28.01.2014 00:33:26.506,1.47372,1.47172,2.8400,1.3100
28.01.2014 00:33:27.859,1.47373,1.47173,2.1600,2.8900
28.01.2014 00:33:29.281,1.47374,1.47174,2.8400,1.8200
28.01.2014 00:33:30.721,1.47376,1.47176,2.2200,2.4700
28.01.2014 00:33:32.090,1.47378,1.47178,2.4600,2.8800
28.01.2014 00:33:33.415,1.47376,1.47176,2.2800,2.7100
28.01.2014 00:33:34.889,1.47376,1.47176,1.7300,2.8600
28.01.2014 00:33:36.337,1.47375,1.47175,1.4200,1.1900
28.01.2014 00:33:37.650,1.47377,1.47177,1.8900,1.4300
28.01.2014 00:33:38.955,1.47375,1.47175,2.8400,1.5500
28.01.2014 00:33:40.140,1.47372,1.47172,1.6600,1.8700
28.01.2014 00:33:41.440,1.47372,1.47172,1.3500,2.5600
28.01.2014 00:33:42.774,1.47373,1.47173,2.4600,2.3400
28.01.2014 00:33:44.103,1.47373,1.47173,2.6700,1.1000
28.01.2014 00:33:45.414,1.47375,1.47175,1.6900,1.1000
28.01.2014 00:33:46.664,1.47375,1.47175,1.9000,1.4600
28.01.2014 00:33:48.003,1.47377,1.47177,1.6200,2.1600
28.01.2014 00:33:49.575,1.47374,1.47174,2.2500,1.2400
28.01.2014 00:33:50.979,1.47373,1.47173,2.2300,1.3300
28.01.2014 00:33:52.290,1.47371,1.47171,2.9000,1.2700
28.01.2014 00:33:53.815,1.47373,1.47173,2.8600,2.1600
28.01.2014 00:33:55.035,1.47369,1.47169,1.0800,2.4100
28.01.2014 00:33:56.442,1.47371,1.47171,2.1500,2.5100
28.01.2014 00:33:57.930,1.47368,1.47168,1.9200,1.0400
28.01.2014 00:33:59.440,1.47371,1.47171,2.7200,1.4400
28.01.2014 00:34:00.880,1.47368,1.47168,2.2700,1.4500
28.01.2014 00:34:02.385,1.47369,1.47169,1.3200,2.9300
28.01.2014 00:34:03.792,1.47367,1.47167,2.1100,2.9400
28.01.2014 00:34:05.097,1.47368,1.47168,1.5600,2.5700
28.01.2014 00:34:06.578,1.47369,1.47169,1.9100,1.8000
28.01.2014 00:34:07.932,1.47371,1.47171,2.0500,2.2700
28.01.2014 00:34:09.355,1.47371,1.47171,1.0900,2.1600
28.01.2014 00:34:10.835,1.47372,1.47172,2.9600,1.1100
28.01.2014 00:34:12.133,1.47372,1.47172,1.5400,2.3700
28.01.2014 00:34:13.608,1.47372,1.47172,2.4900,2.2800
28.01.2014 00:34:14.984,1.47370,1.47170,2.1100,1.1300
28.01.2014 00:34:16.455,1.47370,1.47170,1.2100,2.9900
28.01.2014 00:34:17.827,1.47369,1.47169,1.1200,2.8700
28.01.2014 00:34:19.210,1.47369,1.47169,1.5800,1.2100
28.01.2014 00:34:20.637,1.47373,1.47173,1.6200,2.5700
28.01.2014 00:34:22.103,1.47371,1.47171,2.6600,2.3400
28.01.2014 00:34:23.506,1.47373,1.47173,2.9000,1.1200
28.01.2014 00:34:24.706,1.47373,1.47173,2.7900,1.7800
28.01.2014 00:34:26.079,1.47374,1.47174,2.3800,1.2700
28.01.2014 00:34:27.511,1.47374,1.47174,2.9700,2.1100
28.01.2014 00:34:28.689,1.47373,1.47173,1.3400,2.9400
28.01.2014 00:34:30.252,1.47374,1.47174,1.6100,1.8500
28.01.2014 00:34:31.761,1.47373,1.47173,2.6800,2.6500
28.01.2014 00:34:33.214,1.47373,1.47173,1.3100,1.9600
28.01.2014 00:34:34.701,1.47373,1.47173,2.5900,1.9300
28.01.2014 00:34:36.268,1.47372,1.47172,2.0600,1.9300
28.01.2014 00:34:37.859,1.47372,1.47172,2.6800,2.6400
28.01.2014 00:34:39.443,1.47372,1.47172,1.3400,1.2700
28.01.2014 00:34:40.827,1.47374,1.47174,2.1200,2.6500
28.01.2014 00:34:42.155,1.47373,1.47173,1.6100,2.5400
28.01.2014 00:34:43.620,1.47373,1.47173,1.3000,1.5000
28.01.2014 00:34:44.931,1.47372,1.47172,1.4700,2.8000
28.01.2014 00:34:46.126,1.47373,1.47173,2.7100,2.9800
28.01.2014 00:34:47.894,1.47376,1.47176,2.9200,1.2000
28.01.2014 00:34:49.148,1.47374,1.47174,2.6200,2.4700
28.01.2014 00:34:50.431,1.47373,1.47173,1.4300,1.9100
28.01.2014 00:34:51.921,1.47371,1.47171,2.2100,1.8300
28.01.2014 00:34:53.269,1.47369,1.47169,1.5100,2.6600
28.01.2014 00:34:54.609,1.47369,1.47169,2.5700,1.1800
28.01.2014 00:34:56.027,1.47371,1.47171,2.2400,2.7400
28.01.2014 00:34:57.244,1.47370,1.47170,1.2600,1.7000
28.01.2014 00:34:58.633,1.47366,1.47166,2.1200,1.7600
28.01.2014 00:35:00.154,1.47367,1.47167,2.7200,1.8100
28.01.2014 00:35:01.504,1.47369,1.47169,2.1300,1.0800
28.01.2014 00:35:02.876,1.47368,1.47168,2.5100,2.2900
28.01.2014 00:35:04.243,1.47369,1.47169,3.0000,1.1100
28.01.2014 00:35:05.754,1.47367,1.47167,1.8000,1.1100
28.01.2014 00:35:07.158,1.47366,1.47166,1.7000,2.9000
28.01.2014 00:35:08.602,1.47362,1.47162,2.5900,2.4400
28.01.2014 00:35:10.036,1.47361,1.47161,1.4900,1.1000
28.01.2014 00:35:11.408,1.47357,1.47157,2.0300,2.7000
28.01.2014 00:35:12.901,1.47358,1.47158,2.8900,1.9500
28.01.2014 00:35:14.225,1.47356,1.47156,1.0300,1.1300
28.01.2014 00:35:15.502,1.47359,1.47159,2.2200,1.9200
28.01.2014 00:35:16.759,1.47357,1.47157,1.9600,2.0500
28.01.2014 00:35:18.146,1.47356,1.47156,1.9600,1.2700
28.01.2014 00:35:19.565,1.47356,1.47156,1.0600,2.2400
28.01.2014 00:35:20.923,1.47358,1.47158,1.9500,1.2200
28.01.2014 00:35:22.389,1.47360,1.47160,1.5900,2.2000
28.01.2014 00:35:23.805,1.47357,1.47157,1.9000,1.7900
28.01.2014 00:35:25.041,1.47360,1.47160,2.2800,1.3400
28.01.2014 00:35:26.302,1.47357,1.47157,1.6500,2.1300
28.01.2014 00:35:27.747,1.47358,1.47158,1.6900,1.3700
28.01.2014 00:35:29.040,1.47358,1.47158,1.9600,2.5200
28.01.2014 00:35:30.430,1.47359,1.47159,1.1300,2.9800
28.01.2014 00:35:31.742,1.47362,1.47162,1.7200,1.9200
28.01.2014 00:35:33.076,1.47362,1.47162,1.5500,1.7300
28.01.2014 00:35:34.423,1.47362,1.47162,1.9100,2.2300
28.01.2014 00:35:35.834,1.47362,1.47162,1.6000,1.1500
28.01.2014 00:35:37.362,1.47362,1.47162,1.9000,2.3300
28.01.2014 00:35:38.737,1.47362,1.47162,2.7400,2.5300
28.01.2014 00:35:40.208,1.47366,1.47166,2.7100,1.1400
28.01.2014 00:35:41.632,1.47365,1.47165,2.1600,1.5400
28.01.2014 00:35:43.019,1.47366,1.47166,2.7200,2.0200
28.01.2014 00:35:44.432,1.47367,1.47167,2.9500,1.5200
28.01.2014 00:35:45.978,1.47366,1.47166,2.2300,2.8600
28.01.2014 00:35:47.563,1.47365,1.47165,2.9000,2.2700
28.01.2014 00:35:49.076,1.47364,1.47164,2.8800,2.6900
28.01.2014 00:35:50.434,1.47362,1.47162,1.1700,2.6200
28.01.2014 00:35:51.788,1.47361,1.47161,2.1200,1.1600
28.01.2014 00:35:53.330,1.47359,1.47159,1.7600,2.0700
28.01.2014 00:35:54.698,1.47356,1.47156,1.2800,2.2800
28.01.2014 00:35:56.239,1.47356,1.47156,2.3400,2.6300
28.01.2014 00:35:57.776,1.47357,1.47157,2.0400,2.9200
28.01.2014 00:35:59.267,1.47359,1.47159,2.6700,2.4300
28.01.2014 00:36:00.607,1.47359,1.47159,2.8300,1.9300
28.01.2014 00:36:01.943,1.47356,1.47156,1.0500,1.6600
28.01.2014 00:36:03.314,1.47355,1.47155,2.0300,1.2800
28.01.2014 00:36:04.651,1.47358,1.47158,2.8200,2.0200
28.01.2014 00:36:05.987,1.47359,1.47159,1.8300,1.8000
28.01.2014 00:36:07.400,1.47361,1.47161,2.3600,1.2000
28.01.2014 00:36:08.731,1.47361,1.47161,1.9200,2.9900
28.01.2014 00:36:10.246,1.47360,1.47160,1.4600,2.8600
28.01.2014 00:36:11.780,1.47364,1.47164,1.6400,2.4500
28.01.2014 00:36:13.291,1.47368,1.47168,1.6400,2.4300
28.01.2014 00:36:14.639,1.47367,1.47167,1.5900,1.6100
28.01.2014 00:36:16.031,1.47368,1.47168,2.4500,2.9500
28.01.2014 00:36:17.525,1.47367,1.47167,2.9100,1.5900
28.01.2014 00:36:19.003,1.47366,1.47166,2.8600,1.2400
28.01.2014 00:36:20.397,1.47365,1.47165,1.6900,2.2400
28.01.2014 00:36:21.764,1.47367,1.47167,2.8700,1.0900
28.01.2014 00:36:23.202,1.47364,1.47164,2.9200,1.3400
28.01.2014 00:36:24.529,1.47365,1.47165,1.6100,2.8800
28.01.2014 00:36:25.953,1.47368,1.47168,1.0200,1.7800
28.01.2014 00:36:27.380,1.47367,1.47167,2.8200,1.0100
28.01.2014 00:36:28.683,1.47366,1.47166,2.7100,2.8200
28.01.2014 00:36:30.241,1.47365,1.47165,1.6400,2.0600
28.01.2014 00:36:31.659,1.47366,1.47166,1.5300,2.6700
28.01.2014 00:36:33.170,1.47368,1.47168,1.2900,1.8300
28.01.2014 00:36:34.585,1.47367,1.47167,2.4300,2.7000
28.01.2014 00:36:35.960,1.47367,1.47167,2.6200,1.1300
28.01.2014 00:36:37.237,1.47366,1.47166,1.6300,1.5400
28.01.2014 00:36:38.658,1.47367,1.47167,2.0000,1.0600
28.01.2014 00:36:40.007,1.47367,1.47167,1.1400,1.7800
28.01.2014 00:36:41.515,1.47368,1.47168,1.0700,2.2700
28.01.2014 00:36:43.118,1.47372,1.47172,1.2000,1.8700
28.01.2014 00:36:44.590,1.47370,1.47170,2.5600,2.6900
28.01.2014 00:36:46.025,1.47374,1.47174,2.7700,2.3500
28.01.2014 00:36:47.465,1.47374,1.47174,2.2700,1.5300
28.01.2014 00:36:48.931,1.47371,1.47171,2.6500,2.3700
28.01.2014 00:36:50.233,1.47369,1.47169,1.9400,2.8600
28.01.2014 00:36:51.651,1.47365,1.47165,2.5700,1.6500
28.01.2014 00:36:53.045,1.47369,1.47169,2.7000,2.6500
28.01.2014 00:36:54.501,1.47371,1.47171,2.7600,2.9300
28.01.2014 00:36:55.861,1.47371,1.47171,1.7900,1.8900
28.01.2014 00:36:57.376,1.47370,1.47170,1.8800,1.4300
28.01.2014 00:36:58.844,1.47366,1.47166,2.9700,2.4400
28.01.2014 00:37:00.138,1.47365,1.47165,1.3800,1.4500
28.01.2014 00:37:01.534,1.47362,1.47162,1.5300,1.1900
28.01.2014 00:37:02.857,1.47360,1.47160,2.2900,2.8900
28.01.2014 00:37:04.215,1.47361,1.47161,1.7500,2.7100
28.01.2014 00:37:05.658,1.47361,1.47161,2.4600,2.6500
28.01.2014 00:37:07.050,1.47362,1.47162,2.4200,2.0400
28.01.2014 00:37:08.410,1.47363,1.47163,1.7000,1.6500
28.01.2014 00:37:09.724,1.47364,1.47164,2.5900,2.8900
28.01.2014 00:37:11.044,1.47366,1.47166,1.8200,1.3600
28.01.2014 00:37:12.262,1.47365,1.47165,2.0600,1.7200
28.01.2014 00:37:13.591,1.47367,1.47167,2.2700,1.0500
28.01.2014 00:37:14.901,1.47368,1.47168,1.3600,1.1300
28.01.2014 00:37:16.278,1.47370,1.47170,1.8700,1.2500
28.01.2014 00:37:17.629,1.47369,1.47169,1.6900,1.5400
28.01.2014 00:37:18.947,1.47372,1.47172,2.4100,2.9400
28.01.2014 00:37:20.342,1.47370,1.47170,2.0200,2.2900
28.01.2014 00:37:21.789,1.47370,1.47170,1.4000,2.8300
28.01.2014 00:37:23.271,1.47370,1.47170,2.4800,2.0400
28.01.2014 00:37:24.659,1.47369,1.47169,2.0400,2.1200
28.01.2014 00:37:26.190,1.47367,1.47167,1.1900,2.2300
28.01.2014 00:37:27.667,1.47367,1.47167,2.8900,2.4400
28.01.2014 00:37:29.010,1.47366,1.47166,1.8200,1.7600
28.01.2014 00:37:30.423,1.47366,1.47166,1.0100,2.6500
28.01.2014 00:37:31.794,1.47366,1.47166,1.6000,2.0900
28.01.2014 00:37:33.102,1.47367,1.47167,2.8200,2.8500
28.01.2014 00:37:34.680,1.47365,1.47165,2.4500,1.1900
28.01.2014 00:37:36.249,1.47366,1.47166,1.6600,2.3300
28.01.2014 00:37:37.737,1.47369,1.47169,2.1400,1.7900
28.01.2014 00:37:39.371,1.47373,1.47173,1.0300,1.3800
28.01.2014 00:37:40.790,1.47373,1.47173,1.3900,2.5900
28.01.2014 00:37:42.084,1.47372,1.47172,2.9200,1.5900
28.01.2014 00:37:43.557,1.47374,1.47174,2.7900,1.2000
28.01.2014 00:37:45.001,1.47376,1.47176,2.7100,2.5700
28.01.2014 00:37:46.673,1.47377,1.47177,2.6700,2.6300
28.01.2014 00:37:48.195,1.47376,1.47176,1.1700,1.3400
28.01.2014 00:37:49.683,1.47376,1.47176,1.0200,1.7900
28.01.2014 00:37:51.177,1.47374,1.47174,1.3500,1.4800
28.01.2014 00:37:52.543,1.47374,1.47174,1.8300,1.8000
28.01.2014 00:37:54.043,1.47375,1.47175,2.9000,1.5600
28.01.2014 00:37:55.557,1.47375,1.47175,2.1300,1.9900
28.01.2014 00:37:57.043,1.47375,1.47175,1.9500,2.4600
28.01.2014 00:37:58.374,1.47373,1.47173,1.0300,2.0000
28.01.2014 00:37:59.825,1.47373,1.47173,1.8900,2.2800
28.01.2014 00:38:01.043,1.47372,1.47172,2.7700,2.6400
28.01.2014 00:38:02.346,1.47373,1.47173,2.2300,1.1600
28.01.2014 00:38:03.651,1.47377,1.47177,1.2800,1.9500
28.01.2014 00:38:04.888,1.47377,1.47177,2.4900,1.4300
28.01.2014 00:38:06.180,1.47379,1.47179,2.3100,1.4700
28.01.2014 00:38:07.513,1.47379,1.47179,2.0600,2.3400
28.01.2014 00:38:08.825,1.47376,1.47176,1.8800,2.1400
28.01.2014 00:38:10.335,1.47375,1.47175,1.8600,2.1900
28.01.2014 00:38:11.905,1.47374,1.47174,2.9300,2.3200
28.01.2014 00:38:13.513,1.47372,1.47172,2.3300,1.4000
28.01.2014 00:38:14.825,1.47372,1.47172,2.7900,1.1500
28.01.2014 00:38:16.138,1.47372,1.47172,1.6500,1.2200
28.01.2014 00:38:17.542,1.47372,1.47172,2.5300,1.9200
28.01.2014 00:38:18.967,1.47374,1.47174,1.4800,2.5500
28.01.2014 00:38:20.263,1.47374,1.47174,2.7200,2.5000
28.01.2014 00:38:21.531,1.47372,1.47172,2.3000,1.5800
28.01.2014 00:38:22.854,1.47370,1.47170,1.5300,2.5000
28.01.2014 00:38:24.320,1.47370,1.47170,1.8400,2.7900
28.01.2014 00:38:25.734,1.47367,1.47167,2.0300,2.5600
28.01.2014 00:38:27.151,1.47368,1.47168,1.7900,1.7300
28.01.2014 00:38:28.461,1.47366,1.47166,1.7500,1.4500
28.01.2014 00:38:30.047,1.47365,1.47165,1.5400,1.0900
28.01.2014 00:38:31.446,1.47366,1.47166,1.8500,2.6700
28.01.2014 00:38:32.828,1.47364,1.47164,1.2000,1.7800
28.01.2014 00:38:34.310,1.47364,1.47164,2.5700,1.1200
28.01.2014 00:38:35.756,1.47363,1.47163,1.5300,2.5000
28.01.2014 00:38:37.173,1.47362,1.47162,2.0400,1.6300
28.01.2014 00:38:38.639,1.47363,1.47163,1.3100,2.5700
28.01.2014 00:38:39.973,1.47365,1.47165,1.7800,1.2900
28.01.2014 00:38:41.321,1.47362,1.47162,2.0100,1.2200
28.01.2014 00:38:42.844,1.47363,1.47163,2.4400,2.6200
28.01.2014 00:38:44.108,1.47362,1.47162,2.2000,1.3900
28.01.2014 00:38:45.387,1.47365,1.47165,1.4400,2.5000
28.01.2014 00:38:46.786,1.47367,1.47167,2.5600,2.5200
28.01.2014 00:38:48.189,1.47367,1.47167,1.9100,1.3000
28.01.2014 00:38:49.561,1.47366,1.47166,2.1600,1.8200
28.01.2014 00:38:50.878,1.47368,1.47168,2.5300,1.6600
28.01.2014 00:38:52.393,1.47366,1.47166,2.7300,2.0300
28.01.2014 00:38:53.800,1.47366,1.47166,2.9900,1.6000
28.01.2014 00:38:55.079,1.47366,1.47166,2.4300,1.0400
28.01.2014 00:38:56.471,1.47364,1.47164,2.7000,1.8100
28.01.2014 00:38:57.685,1.47366,1.47166,2.9200,2.2400
28.01.2014 00:38:59.023,1.47363,1.47163,2.2600,2.5500
28.01.2014 00:39:00.549,1.47365,1.47165,2.8400,2.9700
28.01.2014 00:39:01.883,1.47366,1.47166,2.9200,1.4900
28.01.2014 00:39:03.262,1.47365,1.47165,1.2700,2.0800
28.01.2014 00:39:04.727,1.47365,1.47165,1.0100,2.6800
28.01.2014 00:39:05.949,1.47367,1.47167,1.0800,2.7200
28.01.2014 00:39:07.347,1.47367,1.47167,2.2700,1.9100
28.01.2014 00:39:08.673,1.47370,1.47170,2.0900,2.0800
28.01.2014 00:39:10.325,1.47370,1.47170,1.3200,1.2400
28.01.2014 00:39:11.511,1.47370,1.47170,2.9500,2.4500
28.01.2014 00:39:12.996,1.47371,1.47171,2.2200,2.0000
28.01.2014 00:39:14.455,1.47370,1.47170,2.2800,1.2000
28.01.2014 00:39:15.843,1.47369,1.47169,2.0300,2.6400
28.01.2014 00:39:17.226,1.47370,1.47170,1.2300,2.2500
28.01.2014 00:39:18.539,1.47370,1.47170,2.3400,2.1200
28.01.2014 00:39:19.992,1.47375,1.47175,2.2800,1.9900
28.01.2014 00:39:21.311,1.47374,1.47174,1.2600,1.3500
28.01.2014 00:39:22.895,1.47373,1.47173,2.4100,2.6700
28.01.2014 00:39:24.324,1.47371,1.47171,1.8700,2.6500
28.01.2014 00:39:25.526,1.47376,1.47176,2.4500,1.2200
28.01.2014 00:39:26.943,1.47375,1.47175,2.9400,1.5400
28.01.2014 00:39:28.293,1.47376,1.47176,2.1700,1.5100
28.01.2014 00:39:29.451,1.47376,1.47176,1.9100,2.3800
28.01.2014 00:39:31.078,1.47376,1.47176,1.6100,2.6600
28.01.2014 00:39:32.601,1.47373,1.47173,2.2000,1.9600
28.01.2014 00:39:33.987,1.47372,1.47172,1.1900,2.1600
28.01.2014 00:39:35.397,1.47372,1.47172,1.8500,2.2000
28.01.2014 00:39:36.900,1.47376,1.47176,1.7100,1.7100
28.01.2014 00:39:38.488,1.47376,1.47176,2.3100,2.1400
28.01.2014 00:39:40.089,1.47376,1.47176,1.2900,2.0900
28.01.2014 00:39:41.420,1.47375,1.47175,2.3800,2.4100
28.01.2014 00:39:43.001,1.47373,1.47173,2.1800,2.4500
28.01.2014 00:39:44.363,1.47373,1.47173,1.0800,2.2600
28.01.2014 00:39:45.632,1.47375,1.47175,1.8700,2.8900
28.01.2014 00:39:46.912,1.47376,1.47176,2.1000,2.3300
28.01.2014 00:39:48.350,1.47376,1.47176,1.9900,2.4000
28.01.2014 00:39:49.769,1.47374,1.47174,1.5000,2.3100
28.01.2014 00:39:51.268,1.47376,1.47176,1.1100,2.8000
28.01.2014 00:39:52.539,1.47373,1.47173,2.6400,2.7300
28.01.2014 00:39:54.039,1.47374,1.47174,2.8300,1.2900
28.01.2014 00:39:55.285,1.47375,1.47175,1.0600,2.1700
28.01.2014 00:39:56.607,1.47376,1.47176,1.8500,2.2200
28.01.2014 00:39:58.084,1.47377,1.47177,2.9300,2.1700
28.01.2014 00:39:59.462,1.47376,1.47176,1.6000,2.8200
28.01.2014 00:40:00.800,1.47376,1.47176,1.3400,1.3600
28.01.2014 00:40:02.205,1.47376,1.47176,2.0300,1.5400
28.01.2014 00:40:03.528,1.47378,1.47178,1.5500,2.7900
28.01.2014 00:40:04.884,1.47377,1.47177,2.7400,1.8500
28.01.2014 00:40:06.182,1.47378,1.47178,1.5800,2.8200
28.01.2014 00:40:07.568,1.47380,1.47180,2.8400,2.9100
28.01.2014 00:40:08.895,1.47380,1.47180,2.2300,1.5200
28.01.2014 00:40:10.346,1.47382,1.47182,1.3600,1.3800
28.01.2014 00:40:11.601,1.47383,1.47183,1.9000,1.8200
28.01.2014 00:40:12.965,1.47383,1.47183,2.6300,2.9100
28.01.2014 00:40:14.297,1.47383,1.47183,2.2700,2.6900
28.01.2014 00:40:15.619,1.47380,1.47180,1.0300,1.5600
28.01.2014 00:40:17.058,1.47379,1.47179,2.0000,2.4100
28.01.2014 00:40:18.458,1.47379,1.47179,1.0600,1.1500
28.01.2014 00:40:19.734,1.47379,1.47179,1.3800,2.3200
28.01.2014 00:40:21.113,1.47376,1.47176,1.4900,1.8500
28.01.2014 00:40:22.407,1.47375,1.47175,1.5000,2.5700
28.01.2014 00:40:23.832,1.47375,1.47175,2.5200,2.7900
28.01.2014 00:40:25.377,1.47376,1.47176,1.4100,2.1500
28.01.2014 00:40:26.800,1.47375,1.47175,1.0900,2.0800
28.01.2014 00:40:28.109,1.47376,1.47176,1.4600,1.2800
28.01.2014 00:40:29.542,1.47375,1.47175,2.7400,1.7700
28.01.2014 00:40:30.915,1.47374,1.47174,2.9000,1.1800
28.01.2014 00:40:32.138,1.47374,1.47174,1.5800,1.9600
28.01.2014 00:40:33.812,1.47375,1.47175,1.1100,1.3300
28.01.2014 00:40:35.451,1.47375,1.47175,2.8200,1.0200
28.01.2014 00:40:36.732,1.47373,1.47173,1.6600,1.6100
28.01.2014 00:40:38.080,1.47371,1.47171,2.9300,2.3100
28.01.2014 00:40:39.539,1.47370,1.47170,2.4600,1.0100
28.01.2014 00:40:40.904,1.47368,1.47168,2.0000,2.9900
28.01.2014 00:40:42.409,1.47369,1.47169,3.0000,1.1100
28.01.2014 00:40:44.042,1.47365,1.47165,1.1500,1.5400
28.01.2014 00:40:45.393,1.47367,1.47167,1.6200,1.8400
28.01.2014 00:40:46.679,1.47367,1.47167,1.7300,2.0800
28.01.2014 00:40:47.949,1.47369,1.47169,1.2000,1.6000
28.01.2014 00:40:49.425,1.47371,1.47171,2.8400,2.7800
28.01.2014 00:40:50.728,1.47371,1.47171,2.6900,2.2800
28.01.2014 00:40:52.033,1.47370,1.47170,2.5100,2.0000
28.01.2014 00:40:53.413,1.47370,1.47170,1.6200,1.8600
28.01.2014 00:40:54.742,1.47370,1.47170,1.4000,1.9200
28.01.2014 00:40:56.216,1.47374,1.47174,2.9900,1.0600
28.01.2014 00:40:57.384,1.47374,1.47174,1.7800,2.9000
28.01.2014 00:40:58.829,1.47373,1.47173,2.6000,1.2100
28.01.2014 00:41:00.298,1.47373,1.47173,2.7200,2.2900
28.01.2014 00:41:01.726,1.47374,1.47174,1.8400,1.6500
28.01.2014 00:41:03.154,1.47373,1.47173,1.4300,1.1800
28.01.2014 00:41:04.602,1.47374,1.47174,1.8800,1.8800
28.01.2014 00:41:06.168,1.47374,1.47174,1.8700,2.1400
28.01.2014 00:41:07.781,1.47371,1.47171,2.0000,2.3200
28.01.2014 00:41:09.278,1.47371,1.47171,1.5800,1.5900
28.01.2014 00:41:10.594,1.47372,1.47172,1.3000,1.7900
28.01.2014 00:41:11.955,1.47372,1.47172,1.9000,2.1400
28.01.2014 00:41:13.231,1.47374,1.47174,1.7900,1.2300
28.01.2014 00:41:14.499,1.47376,1.47176,1.2900,1.7400
28.01.2014 00:41:15.957,1.47376,1.47176,1.5100,1.5100
28.01.2014 00:41:17.298,1.47375,1.47175,1.8800,2.6800
28.01.2014 00:41:18.727,1.47376,1.47176,2.8300,1.6600
28.01.2014 00:41:19.941,1.47375,1.47175,2.0200,2.4000
28.01.2014 00:41:21.335,1.47374,1.47174,1.4000,1.8600
28.01.2014 00:41:22.704,1.47374,1.47174,1.2600,1.9800
28.01.2014 00:41:24.073,1.47372,1.47172,2.0500,2.6000
28.01.2014 00:41:25.596,1.47375,1.47175,2.5300,2.5100
28.01.2014 00:41:27.232,1.47375,1.47175,1.4000,1.9400
28.01.2014 00:41:28.690,1.47375,1.47175,2.0800,1.1900
28.01.2014 00:41:30.030,1.47376,1.47176,2.9300,1.8600
28.01.2014 00:41:31.542,1.47374,1.47174,2.3600,1.5700
28.01.2014 00:41:32.873,1.47376,1.47176,1.5100,2.7100
28.01.2014 00:41:34.245,1.47375,1.47175,2.8100,2.1000
28.01.2014 00:41:35.595,1.47376,1.47176,2.8300,2.3800
28.01.2014 00:41:36.908,1.47375,1.47175,1.3600,2.0400
28.01.2014 00:41:38.498,1.47372,1.47172,1.3800,2.3200
28.01.2014 00:41:39.889,1.47372,1.47172,2.7400,1.6800
28.01.2014 00:41:41.223,1.47370,1.47170,1.1000,2.7100
28.01.2014 00:41:42.550,1.47372,1.47172,2.1600,1.1200
28.01.2014 00:41:43.879,1.47372,1.47172,1.4700,1.0600
28.01.2014 00:41:45.129,1.47373,1.47173,1.6300,2.4500
28.01.2014 00:41:46.526,1.47371,1.47171,1.3500,2.2400
28.01.2014 00:41:47.866,1.47374,1.47174,1.2800,1.5900
28.01.2014 00:41:49.347,1.47377,1.47177,1.7600,1.2900
28.01.2014 00:41:50.857,1.47379,1.47179,1.9600,2.5300
28.01.2014 00:41:52.171,1.47377,1.47177,2.6800,2.9700
28.01.2014 00:41:53.695,1.47376,1.47176,1.7800,2.8200
28.01.2014 00:41:54.941,1.47375,1.47175,1.3100,2.3200
28.01.2014 00:41:56.391,1.47374,1.47174,2.1000,1.5100
28.01.2014 00:41:57.887,1.47374,1.47174,2.0500,2.8700
28.01.2014 00:41:59.344,1.47375,1.47175,2.3000,1.8000
28.01.2014 00:42:00.811,1.47379,1.47179,1.4200,1.4300
28.01.2014 00:42:02.311,1.47373,1.47173,1.5800,2.4200
28.01.2014 00:42:03.696,1.47373,1.47173,1.3100,2.2400
28.01.2014 00:42:05.111,1.47372,1.47172,1.5400,1.5800
28.01.2014 00:42:06.515,1.47374,1.47174,1.3200,1.3000
28.01.2014 00:42:07.943,1.47375,1.47175,2.6900,1.9600
28.01.2014 00:42:09.383,1.47376,1.47176,1.1900,2.8100
28.01.2014 00:42:10.912,1.47375,1.47175,2.7300,1.6600
28.01.2014 00:42:12.294,1.47376,1.47176,1.4500,2.6800
28.01.2014 00:42:13.717,1.47379,1.47179,2.2100,1.0800
28.01.2014 00:42:15.139,1.47380,1.47180,1.0900,2.3900
28.01.2014 00:42:16.484,1.47380,1.47180,1.9300,1.7100
28.01.2014 00:42:17.840,1.47378,1.47178,1.4900,1.4200
28.01.2014 00:42:19.326,1.47375,1.47175,1.3200,1.7000
28.01.2014 00:42:20.792,1.47379,1.47179,1.1500,2.1300
28.01.2014 00:42:22.230,1.47377,1.47177,1.1900,1.6700
28.01.2014 00:42:23.776,1.47373,1.47173,2.9800,1.2000
28.01.2014 00:42:25.056,1.47371,1.47171,2.5600,2.9100
28.01.2014 00:42:26.554,1.47373,1.47173,1.6700,2.7000
28.01.2014 00:42:27.847,1.47374,1.47174,2.0600,1.1900
28.01.2014 00:42:29.328,1.47374,1.47174,1.9800,2.8800
28.01.2014 00:42:30.931,1.47369,1.47169,1.1500,1.6700
28.01.2014 00:42:32.359,1.47369,1.47169,2.2100,1.8400
28.01.2014 00:42:33.701,1.47369,1.47169,1.6000,1.4600
28.01.2014 00:42:35.086,1.47371,1.47171,1.1700,2.7000
28.01.2014 00:42:36.447,1.47370,1.47170,2.4000,2.0100
28.01.2014 00:42:37.769,1.47368,1.47168,1.6900,1.4100
28.01.2014 00:42:39.250,1.47369,1.47169,2.3000,1.6200
28.01.2014 00:42:40.734,1.47369,1.47169,2.8500,1.6500
28.01.2014 00:42:42.120,1.47368,1.47168,2.2600,2.0400
28.01.2014 00:42:43.606,1.47365,1.47165,1.8200,2.9700
28.01.2014 00:42:44.984,1.47365,1.47165,2.0100,1.3900
28.01.2014 00:42:46.324,1.47367,1.47167,2.7700,2.6900
28.01.2014 00:42:47.765,1.47365,1.47165,2.3200,2.3100
28.01.2014 00:42:49.177,1.47369,1.47169,1.7600,1.5000
28.01.2014 00:42:50.499,1.47368,1.47168,1.9900,1.5400
28.01.2014 00:42:52.141,1.47368,1.47168,2.4200,2.0800
28.01.2014 00:42:53.400,1.47368,1.47168,1.7600,2.1500
28.01.2014 00:42:54.642,1.47367,1.47167,2.5600,1.5400
28.01.2014 00:42:56.278,1.47365,1.47165,2.6200,1.1000
28.01.2014 00:42:57.797,1.47364,1.47164,1.6400,1.3100
28.01.2014 00:42:59.118,1.47365,1.47165,2.9700,2.0800
28.01.2014 00:43:00.617,1.47362,1.47162,2.6000,2.3600
28.01.2014 00:43:01.946,1.47364,1.47164,1.2100,2.5700
28.01.2014 00:43:03.345,1.47365,1.47165,1.5600,2.5500
28.01.2014 00:43:04.785,1.47366,1.47166,1.2600,2.2800
28.01.2014 00:43:06.250,1.47366,1.47166,1.1700,2.1800
28.01.2014 00:43:07.631,1.47366,1.47166,2.9100,1.7300
28.01.2014 00:43:09.036,1.47366,1.47166,2.5900,2.0000
28.01.2014 00:43:10.579,1.47364,1.47164,2.8700,2.8000
28.01.2014 00:43:11.883,1.47362,1.47162,1.8400,1.3500
28.01.2014 00:43:13.285,1.47360,1.47160,2.8000,1.6600
28.01.2014 00:43:14.725,1.47360,1.47160,2.0100,2.8000
