Time,Ask,Bid,AskVolume,BidVolume
14.01.2014 00:00:01.903,1.47747,1.47547,1.6500,1.4100
14.01.2014 00:00:03.490,1.47748,1.47548,1.2900,1.1500
14.01.2014 00:00:05.007,1.47744,1.47544,2.5300,2.5500
14.01.2014 00:00:06.340,1.47746,1.47546,2.2000,1.2000
14.01.2014 00:00:07.751,1.47744,1.47544,2.8600,2.7100
14.01.2014 00:00:09.188,1.47743,1.47543,2.3900,2.9800
14.01.2014 00:00:10.709,1.47744,1.47544,2.7800,2.3100
14.01.2014 00:00:11.997,1.47745,1.47545,2.0000,2.0600
14.01.2014 00:00:13.259,1.47745,1.47545,1.4300,2.2800
14.01.2014 00:00:14.609,1.47744,1.47544,2.8300,1.4700
14.01.2014 00:00:15.980,1.47744,1.47544,1.2500,1.3900
14.01.2014 00:00:17.358,1.47742,1.47542,1.2200,2.6600
14.01.2014 00:00:18.727,1.47742,1.47542,1.6900,2.8700
14.01.2014 00:00:20.154,1.47744,1.47544,1.7500,2.6100
14.01.2014 00:00:21.422,1.47744,1.47544,1.8400,2.0200
14.01.2014 00:00:22.668,1.47742,1.47542,1.6900,1.0300
14.01.2014 00:00:24.035,1.47742,1.47542,1.6500,2.9300
14.01.2014 00:00:25.510,1.47742,1.47542,1.0600,1.7000
14.01.2014 00:00:27.123,1.47741,1.47541,2.0500,2.2200
14.01.2014 00:00:28.447,1.47739,1.47539,1.0400,1.7100
14.01.2014 00:00:29.841,1.47741,1.47541,1.8100,1.9200
14.01.2014 00:00:31.317,1.47739,1.47539,2.1600,1.9700
14.01.2014 00:00:32.662,1.47738,1.47538,2.7000,1.5100
14.01.2014 00:00:33.936,1.47738,1.47538,1.5800,1.8400
14.01.2014 00:00:35.389,1.47737,1.47537,1.4900,2.2100
14.01.2014 00:00:36.653,1.47738,1.47538,1.7300,2.0500
14.01.2014 00:00:38.137,1.47739,1.47539,2.5800,2.6400
14.01.2014 00:00:39.466,1.47738,1.47538,2.2200,1.7400
14.01.2014 00:00:41.006,1.47737,1.47537,2.7300,1.5800
14.01.2014 00:00:42.535,1.47738,1.47538,2.9500,2.8700
14.01.2014 00:00:43.916,1.47738,1.47538,1.6800,1.3500
14.01.2014 00:00:45.407,1.47738,1.47538,1.5600,2.1200
14.01.2014 00:00:46.774,1.47739,1.47539,1.8600,2.9600
14.01.2014 00:00:48.141,1.47738,1.47538,1.3700,1.9700
14.01.2014 00:00:49.469,1.47737,1.47537,1.6900,1.4900
14.01.2014 00:00:50.949,1.47736,1.47536,1.0600,2.8700
14.01.2014 00:00:52.376,1.47737,1.47537,2.8000,1.5500
14.01.2014 00:00:53.856,1.47736,1.47536,2.4500,2.8700
14.01.2014 00:00:55.349,1.47737,1.47537,2.8000,1.9500
14.01.2014 00:00:56.907,1.47739,1.47539,1.8400,1.9100
14.01.2014 00:00:58.254,1.47739,1.47539,1.6000,2.0000
14.01.2014 00:00:59.658,1.47739,1.47539,1.0200,2.8800
14.01.2014 00:01:01.018,1.47739,1.47539,2.7000,2.8300
14.01.2014 00:01:02.373,1.47739,1.47539,2.8400,1.9200
14.01.2014 00:01:03.726,1.47737,1.47537,1.3200,1.4600
14.01.2014 00:01:04.995,1.47737,1.47537,1.5300,1.5200
14.01.2014 00:01:06.347,1.47736,1.47536,2.7700,2.2600
14.01.2014 00:01:07.698,1.47735,1.47535,2.2600,1.2100
14.01.2014 00:01:09.119,1.47735,1.47535,2.4000,2.4400
14.01.2014 00:01:10.522,1.47737,1.47537,2.7900,1.2000
14.01.2014 00:01:11.965,1.47736,1.47536,1.7200,1.1300
14.01.2014 00:01:13.434,1.47736,1.47536,2.9700,2.0800
14.01.2014 00:01:14.896,1.47737,1.47537,1.2100,1.1600
14.01.2014 00:01:16.520,1.47734,1.47534,1.7000,1.3600
14.01.2014 00:01:17.947,1.47733,1.47533,1.0400,1.6700
14.01.2014 00:01:19.290,1.47731,1.47531,1.8700,1.9400
14.01.2014 00:01:20.761,1.47730,1.47530,2.3100,2.5100
14.01.2014 00:01:22.104,1.47729,1.47529,2.3900,1.4100
14.01.2014 00:01:23.619,1.47730,1.47530,1.3600,1.8700
14.01.2014 00:01:24.918,1.47730,1.47530,1.5100,2.2300
14.01.2014 00:01:26.639,1.47729,1.47529,1.3700,2.1800
14.01.2014 00:01:28.117,1.47729,1.47529,1.7600,1.4200
14.01.2014 00:01:29.413,1.47732,1.47532,1.2300,2.3900
14.01.2014 00:01:30.798,1.47733,1.47533,1.1000,2.2400
14.01.2014 00:01:32.199,1.47733,1.47533,2.5400,2.4600
14.01.2014 00:01:33.755,1.47729,1.47529,1.9700,1.8900
14.01.2014 00:01:35.195,1.47731,1.47531,1.8400,2.3500
14.01.2014 00:01:36.633,1.47730,1.47530,1.0400,1.0800
14.01.2014 00:01:37.923,1.47731,1.47531,2.0700,1.4800
14.01.2014 00:01:39.457,1.47732,1.47532,2.1000,2.8100
14.01.2014 00:01:40.832,1.47731,1.47531,1.1000,1.8600
14.01.2014 00:01:42.461,1.47730,1.47530,1.0300,2.7700
14.01.2014 00:01:43.817,1.47731,1.47531,2.7600,2.5300
14.01.2014 00:01:45.200,1.47730,1.47530,1.9000,1.4200
14.01.2014 00:01:46.622,1.47730,1.47530,1.5300,2.4600
14.01.2014 00:01:48.005,1.47730,1.47530,2.2100,2.2400
14.01.2014 00:01:49.466,1.47730,1.47530,2.5500,2.8000
14.01.2014 00:01:50.954,1.47732,1.47532,2.4500,2.9600
14.01.2014 00:01:52.292,1.47732,1.47532,1.2500,2.3900
14.01.2014 00:01:53.746,1.47733,1.47533,2.4400,2.5100
14.01.2014 00:01:55.177,1.47732,1.47532,2.2300,1.0500
14.01.2014 00:01:56.549,1.47734,1.47534,1.2400,2.2600
14.01.2014 00:01:57.903,1.47732,1.47532,2.3500,1.6700
14.01.2014 00:01:59.180,1.47733,1.47533,2.7600,2.9300
14.01.2014 00:02:00.615,1.47733,1.47533,1.6500,1.1700
14.01.2014 00:02:02.092,1.47734,1.47534,2.7900,1.3600
14.01.2014 00:02:03.657,1.47735,1.47535,3.0000,2.4900
14.01.2014 00:02:05.045,1.47738,1.47538,2.3600,2.8800
14.01.2014 00:02:06.373,1.47737,1.47537,1.6500,2.4500
14.01.2014 00:02:07.698,1.47736,1.47536,1.0500,1.8800
14.01.2014 00:02:09.112,1.47731,1.47531,1.1700,1.3200
14.01.2014 00:02:10.287,1.47732,1.47532,1.7200,2.3500
14.01.2014 00:02:11.724,1.47730,1.47530,1.5900,2.4200
14.01.2014 00:02:13.432,1.47733,1.47533,2.4900,1.8700
14.01.2014 00:02:14.700,1.47731,1.47531,1.3900,2.4900
14.01.2014 00:02:16.149,1.47731,1.47531,2.9800,2.6300
14.01.2014 00:02:17.592,1.47731,1.47531,1.4700,1.5200
14.01.2014 00:02:18.975,1.47734,1.47534,1.6500,2.4000
14.01.2014 00:02:20.231,1.47735,1.47535,1.7900,2.3000
14.01.2014 00:02:21.602,1.47735,1.47535,1.4800,2.8500
14.01.2014 00:02:22.923,1.47737,1.47537,1.6400,2.7600
14.01.2014 00:02:24.320,1.47737,1.47537,1.8200,1.2500
14.01.2014 00:02:25.828,1.47741,1.47541,2.1300,2.8200
14.01.2014 00:02:27.293,1.47740,1.47540,2.0500,2.5000
14.01.2014 00:02:28.657,1.47741,1.47541,2.6800,2.0100
14.01.2014 00:02:30.083,1.47739,1.47539,1.9700,2.6200
14.01.2014 00:02:31.312,1.47738,1.47538,2.1000,2.3500
14.01.2014 00:02:32.819,1.47738,1.47538,2.8700,1.9700
14.01.2014 00:02:34.098,1.47742,1.47542,2.3400,1.6800
14.01.2014 00:02:35.634,1.47744,1.47544,2.0600,2.2900
14.01.2014 00:02:37.053,1.47743,1.47543,1.1700,2.6700
14.01.2014 00:02:38.361,1.47744,1.47544,1.8000,2.3500
14.01.2014 00:02:39.595,1.47744,1.47544,1.3600,2.8100
14.01.2014 00:02:40.927,1.47743,1.47543,1.4900,2.2900
14.01.2014 00:02:42.367,1.47746,1.47546,2.1900,2.1500
14.01.2014 00:02:43.684,1.47745,1.47545,2.0700,2.0300
14.01.2014 00:02:45.021,1.47743,1.47543,2.7200,2.5400
14.01.2014 00:02:46.423,1.47743,1.47543,2.4200,2.1100
14.01.2014 00:02:47.777,1.47743,1.47543,2.6400,1.1700
14.01.2014 00:02:49.303,1.47743,1.47543,2.5100,2.4900
14.01.2014 00:02:50.608,1.47744,1.47544,1.1400,1.9200
14.01.2014 00:02:52.096,1.47743,1.47543,2.6200,1.1000
14.01.2014 00:02:53.455,1.47744,1.47544,1.7700,2.9500
14.01.2014 00:02:54.964,1.47742,1.47542,2.6700,2.3300
14.01.2014 00:02:56.383,1.47741,1.47541,1.9500,2.8600
14.01.2014 00:02:57.755,1.47740,1.47540,2.0300,1.8300
14.01.2014 00:02:59.178,1.47741,1.47541,1.7600,2.4400
14.01.2014 00:03:00.625,1.47740,1.47540,2.3000,2.6500
14.01.2014 00:03:01.959,1.47739,1.47539,2.2800,1.3600
14.01.2014 00:03:03.244,1.47742,1.47542,2.2300,1.0200
14.01.2014 00:03:04.535,1.47742,1.47542,1.7300,2.2300
14.01.2014 00:03:05.959,1.47745,1.47545,2.1000,1.0700
14.01.2014 00:03:07.463,1.47745,1.47545,1.1000,2.4800
14.01.2014 00:03:09.076,1.47745,1.47545,2.6500,1.2200
14.01.2014 00:03:10.451,1.47745,1.47545,2.2600,1.4800
14.01.2014 00:03:11.880,1.47745,1.47545,2.0000,1.7000
14.01.2014 00:03:13.201,1.47745,1.47545,2.2000,1.4100
14.01.2014 00:03:14.649,1.47748,1.47548,2.8100,2.6600
14.01.2014 00:03:16.017,1.47749,1.47549,1.2000,1.0100
14.01.2014 00:03:17.462,1.47745,1.47545,2.3500,1.6100
14.01.2014 00:03:18.838,1.47746,1.47546,1.8400,1.9600
14.01.2014 00:03:20.192,1.47749,1.47549,3.0000,1.3200
14.01.2014 00:03:21.435,1.47750,1.47550,1.4100,2.9200
14.01.2014 00:03:22.850,1.47750,1.47550,1.4700,1.1700
14.01.2014 00:03:24.264,1.47749,1.47549,2.8200,2.3800
14.01.2014 00:03:25.638,1.47749,1.47549,2.5800,1.1000
14.01.2014 00:03:27.017,1.47749,1.47549,1.0900,1.8800
14.01.2014 00:03:28.272,1.47750,1.47550,2.6600,1.0100
14.01.2014 00:03:29.597,1.47748,1.47548,1.9500,1.3000
14.01.2014 00:03:30.905,1.47748,1.47548,1.6900,2.6600
14.01.2014 00:03:32.184,1.47750,1.47550,1.2800,2.7000
14.01.2014 00:03:33.634,1.47748,1.47548,2.3500,1.8900
14.01.2014 00:03:34.963,1.47747,1.47547,2.0000,1.8500
14.01.2014 00:03:36.352,1.47747,1.47547,2.2100,1.9500
14.01.2014 00:03:37.552,1.47744,1.47544,1.1300,2.9100
14.01.2014 00:03:38.861,1.47747,1.47547,2.5400,1.2400
14.01.2014 00:03:40.199,1.47747,1.47547,2.1500,2.6500
14.01.2014 00:03:41.533,1.47746,1.47546,1.7100,1.6000
14.01.2014 00:03:42.889,1.47744,1.47544,2.4500,2.7400
14.01.2014 00:03:44.115,1.47745,1.47545,1.4900,2.5000
14.01.2014 00:03:45.529,1.47745,1.47545,2.7000,1.1400
14.01.2014 00:03:46.989,1.47744,1.47544,1.8700,2.5200
14.01.2014 00:03:48.560,1.47745,1.47545,1.7400,1.2400
14.01.2014 00:03:49.974,1.47745,1.47545,2.3600,2.1600
14.01.2014 00:03:51.421,1.47744,1.47544,1.5000,2.2700
14.01.2014 00:03:52.927,1.47747,1.47547,1.1100,1.8200
14.01.2014 00:03:54.414,1.47744,1.47544,2.6800,2.3000
14.01.2014 00:03:55.705,1.47744,1.47544,1.1300,2.9400
14.01.2014 00:03:57.200,1.47743,1.47543,2.3400,1.2800
14.01.2014 00:03:58.347,1.47740,1.47540,1.7200,2.8500
14.01.2014 00:03:59.816,1.47742,1.47542,1.9300,2.2700
14.01.2014 00:04:01.065,1.47743,1.47543,1.4200,1.8400
14.01.2014 00:04:02.384,1.47745,1.47545,2.4600,2.7500
14.01.2014 00:04:03.801,1.47747,1.47547,2.7600,1.8200
14.01.2014 00:04:05.191,1.47745,1.47545,2.0800,2.1000
14.01.2014 00:04:06.812,1.47745,1.47545,2.0400,2.5800
14.01.2014 00:04:08.105,1.47746,1.47546,2.9700,2.4700
14.01.2014 00:04:09.611,1.47748,1.47548,2.2900,1.2100
14.01.2014 00:04:11.097,1.47749,1.47549,1.0700,1.4700
14.01.2014 00:04:12.464,1.47748,1.47548,1.9200,2.1400
14.01.2014 00:04:13.911,1.47748,1.47548,1.8400,2.9000
14.01.2014 00:04:15.366,1.47749,1.47549,2.0900,1.5800
14.01.2014 00:04:16.700,1.47749,1.47549,2.9000,2.4000
14.01.2014 00:04:18.077,1.47748,1.47548,2.3900,1.5500
14.01.2014 00:04:19.350,1.47747,1.47547,1.4000,2.2500
14.01.2014 00:04:20.656,1.47747,1.47547,2.4600,2.5400
14.01.2014 00:04:22.136,1.47745,1.47545,2.1000,2.6900
14.01.2014 00:04:23.608,1.47744,1.47544,1.3300,1.0200
14.01.2014 00:04:24.857,1.47744,1.47544,1.0300,1.9500
14.01.2014 00:04:26.267,1.47746,1.47546,1.8900,2.4100
14.01.2014 00:04:27.465,1.47746,1.47546,2.5100,2.4000
14.01.2014 00:04:28.888,1.47745,1.47545,1.2000,1.9800
14.01.2014 00:04:30.482,1.47745,1.47545,1.9000,1.8300
14.01.2014 00:04:31.888,1.47747,1.47547,1.5800,1.8700
14.01.2014 00:04:33.405,1.47747,1.47547,1.2800,2.9400
14.01.2014 00:04:34.852,1.47746,1.47546,2.1800,1.2200
14.01.2014 00:04:36.336,1.47748,1.47548,1.1400,2.5100
14.01.2014 00:04:37.672,1.47748,1.47548,2.6300,1.4800
14.01.2014 00:04:39.093,1.47747,1.47547,1.7400,2.5100
14.01.2014 00:04:40.351,1.47751,1.47551,2.0800,1.0600
14.01.2014 00:04:41.771,1.47751,1.47551,1.1100,1.2600
14.01.2014 00:04:43.212,1.47751,1.47551,2.6300,2.0700
14.01.2014 00:04:44.845,1.47752,1.47552,1.9100,1.0200
14.01.2014 00:04:46.161,1.47752,1.47552,1.0800,1.7000
14.01.2014 00:04:47.536,1.47751,1.47551,2.6300,2.3400
14.01.2014 00:04:48.841,1.47750,1.47550,2.7900,2.2900
14.01.2014 00:04:50.223,1.47749,1.47549,1.7900,1.7200
14.01.2014 00:04:51.567,1.47749,1.47549,2.4300,1.0500
14.01.2014 00:04:52.778,1.47749,1.47549,2.9000,2.4000
14.01.2014 00:04:54.089,1.47748,1.47548,2.4400,1.5200
14.01.2014 00:04:55.457,1.47745,1.47545,2.4000,2.1300
14.01.2014 00:04:56.946,1.47744,1.47544,2.2000,2.7800
14.01.2014 00:04:58.344,1.47743,1.47543,1.8200,2.5500
14.01.2014 00:04:59.812,1.47747,1.47547,2.3400,2.6000
14.01.2014 00:05:01.173,1.47748,1.47548,2.7000,2.7100
14.01.2014 00:05:02.524,1.47750,1.47550,2.6000,2.4800
14.01.2014 00:05:03.961,1.47750,1.47550,2.4100,2.4200
14.01.2014 00:05:05.438,1.47747,1.47547,1.6600,2.5900
14.01.2014 00:05:06.740,1.47748,1.47548,2.8000,2.5200
14.01.2014 00:05:08.133,1.47749,1.47549,1.8700,2.0200
14.01.2014 00:05:09.467,1.47749,1.47549,1.1200,1.3400
14.01.2014 00:05:11.012,1.47747,1.47547,2.0400,1.4900
14.01.2014 00:05:12.296,1.47746,1.47546,1.4400,2.3400
14.01.2014 00:05:13.713,1.47746,1.47546,1.0100,1.5700
14.01.2014 00:05:15.123,1.47745,1.47545,2.0500,1.2800
14.01.2014 00:05:16.639,1.47746,1.47546,2.2000,2.6500
14.01.2014 00:05:17.990,1.47747,1.47547,2.5800,1.8100
14.01.2014 00:05:19.398,1.47747,1.47547,1.0000,2.6800
14.01.2014 00:05:20.703,1.47747,1.47547,1.2200,1.9500
14.01.2014 00:05:22.213,1.47746,1.47546,2.5200,1.1200
14.01.2014 00:05:23.565,1.47747,1.47547,1.6700,1.6100
14.01.2014 00:05:24.906,1.47748,1.47548,2.8200,1.2900
14.01.2014 00:05:26.246,1.47748,1.47548,2.9000,2.9000
14.01.2014 00:05:27.380,1.47750,1.47550,1.0500,2.4300
14.01.2014 00:05:28.840,1.47752,1.47552,2.4100,1.3700
14.01.2014 00:05:30.341,1.47750,1.47550,1.0900,2.8100
14.01.2014 00:05:31.767,1.47752,1.47552,2.5500,1.4100
14.01.2014 00:05:33.140,1.47753,1.47553,2.0300,1.2700
14.01.2014 00:05:34.533,1.47753,1.47553,1.9500,2.9400
14.01.2014 00:05:35.907,1.47753,1.47553,2.0800,1.6100
14.01.2014 00:05:37.253,1.47755,1.47555,2.4600,2.0600
14.01.2014 00:05:38.498,1.47758,1.47558,2.3000,2.2800
14.01.2014 00:05:39.767,1.47755,1.47555,1.7100,2.1500
14.01.2014 00:05:41.153,1.47751,1.47551,1.1600,1.4500
14.01.2014 00:05:42.369,1.47752,1.47552,1.0800,2.5400
14.01.2014 00:05:43.820,1.47754,1.47554,1.1700,1.9900
14.01.2014 00:05:45.347,1.47755,1.47555,1.9800,1.2500
14.01.2014 00:05:46.658,1.47753,1.47553,1.1000,2.5900
14.01.2014 00:05:48.057,1.47754,1.47554,2.7700,1.5800
14.01.2014 00:05:49.483,1.47753,1.47553,2.2600,1.7100
14.01.2014 00:05:50.909,1.47753,1.47553,2.0700,2.9400
14.01.2014 00:05:52.467,1.47753,1.47553,1.2100,2.0000
14.01.2014 00:05:53.698,1.47753,1.47553,1.8800,2.7500
14.01.2014 00:05:55.163,1.47755,1.47555,2.9200,2.5600
14.01.2014 00:05:56.672,1.47754,1.47554,1.9200,2.3800
14.01.2014 00:05:57.942,1.47757,1.47557,1.3700,1.8400
14.01.2014 00:05:59.341,1.47757,1.47557,1.8600,2.5700
14.01.2014 00:06:00.789,1.47754,1.47554,1.0300,1.7300
14.01.2014 00:06:02.286,1.47752,1.47552,2.9000,2.1600
14.01.2014 00:06:03.530,1.47751,1.47551,1.6200,2.4300
14.01.2014 00:06:04.855,1.47751,1.47551,1.1900,1.8800
14.01.2014 00:06:06.176,1.47750,1.47550,1.7500,1.3900
14.01.2014 00:06:07.671,1.47752,1.47552,1.4800,2.7500
14.01.2014 00:06:08.933,1.47750,1.47550,2.0500,2.4100
14.01.2014 00:06:10.390,1.47745,1.47545,2.3900,1.4400
14.01.2014 00:06:11.762,1.47747,1.47547,1.5000,1.5000
14.01.2014 00:06:13.097,1.47745,1.47545,2.0200,2.9200
14.01.2014 00:06:14.666,1.47744,1.47544,1.5000,2.0700
14.01.2014 00:06:16.163,1.47747,1.47547,1.2800,1.3700
14.01.2014 00:06:17.554,1.47746,1.47546,2.7900,2.6700
14.01.2014 00:06:18.899,1.47746,1.47546,2.3100,2.6900
14.01.2014 00:06:20.262,1.47746,1.47546,1.1200,2.2800
14.01.2014 00:06:21.662,1.47748,1.47548,1.2300,1.6600
14.01.2014 00:06:23.196,1.47750,1.47550,1.4500,2.5200
14.01.2014 00:06:24.629,1.47748,1.47548,2.1900,2.5500
14.01.2014 00:06:26.025,1.47746,1.47546,2.1600,2.5300
14.01.2014 00:06:27.364,1.47746,1.47546,1.3400,1.3800
14.01.2014 00:06:28.713,1.47747,1.47547,2.7900,1.6300
14.01.2014 00:06:30.130,1.47750,1.47550,1.1600,2.1100
14.01.2014 00:06:31.596,1.47752,1.47552,1.1800,2.1600
14.01.2014 00:06:32.947,1.47752,1.47552,1.7600,1.7200
14.01.2014 00:06:34.440,1.47749,1.47549,2.6000,2.4500
14.01.2014 00:06:35.857,1.47749,1.47549,2.3400,1.8400
14.01.2014 00:06:37.246,1.47753,1.47553,2.2500,1.7100
14.01.2014 00:06:38.705,1.47757,1.47557,2.1300,1.7400
14.01.2014 00:06:40.151,1.47756,1.47556,2.9900,2.0000
14.01.2014 00:06:41.612,1.47755,1.47555,1.9300,1.2300
14.01.2014 00:06:43.205,1.47755,1.47555,2.9700,1.4600
14.01.2014 00:06:44.560,1.47754,1.47554,1.5900,2.7900
14.01.2014 00:06:46.097,1.47754,1.47554,1.6200,2.9000
14.01.2014 00:06:47.560,1.47754,1.47554,2.1300,1.3200
14.01.2014 00:06:48.915,1.47753,1.47553,2.8800,2.6200
14.01.2014 00:06:50.203,1.47752,1.47552,1.7600,2.1300
14.01.2014 00:06:51.459,1.47755,1.47555,2.7600,2.5200
14.01.2014 00:06:52.791,1.47756,1.47556,1.8200,1.4700
14.01.2014 00:06:54.195,1.47756,1.47556,2.7400,1.6600
14.01.2014 00:06:55.692,1.47756,1.47556,2.0500,1.8100
14.01.2014 00:06:57.018,1.47757,1.47557,2.4300,2.8700
14.01.2014 00:06:58.428,1.47756,1.47556,1.9200,2.2200
14.01.2014 00:06:59.708,1.47754,1.47554,2.6300,1.6100
14.01.2014 00:07:01.231,1.47758,1.47558,1.8700,2.3000
14.01.2014 00:07:02.646,1.47755,1.47555,1.9500,2.8000
14.01.2014 00:07:03.907,1.47755,1.47555,1.1100,1.9300
14.01.2014 00:07:05.250,1.47754,1.47554,2.2100,1.5000
14.01.2014 00:07:06.639,1.47753,1.47553,2.7000,1.3700
14.01.2014 00:07:08.049,1.47755,1.47555,2.1300,1.6100
14.01.2014 00:07:09.500,1.47753,1.47553,1.5100,1.0500
14.01.2014 00:07:10.962,1.47754,1.47554,1.6400,1.8600
14.01.2014 00:07:12.472,1.47753,1.47553,1.2200,1.7500
14.01.2014 00:07:13.911,1.47757,1.47557,2.6800,2.8100
14.01.2014 00:07:15.279,1.47758,1.47558,1.0800,1.0800
14.01.2014 00:07:16.644,1.47758,1.47558,1.7600,2.3200
14.01.2014 00:07:17.872,1.47759,1.47559,2.0000,1.8300
14.01.2014 00:07:19.192,1.47761,1.47561,1.7200,2.9700
14.01.2014 00:07:20.646,1.47762,1.47562,1.6400,2.1900
14.01.2014 00:07:22.210,1.47763,1.47563,1.6900,2.7000
14.01.2014 00:07:23.448,1.47765,1.47565,2.2900,2.7800
14.01.2014 00:07:24.949,1.47764,1.47564,1.9500,1.3500
14.01.2014 00:07:26.554,1.47764,1.47564,2.9000,1.3400
14.01.2014 00:07:28.039,1.47764,1.47564,2.2700,1.7700
14.01.2014 00:07:29.488,1.47766,1.47566,1.4100,1.0600
14.01.2014 00:07:30.767,1.47765,1.47565,2.3400,1.6100
14.01.2014 00:07:32.195,1.47765,1.47565,1.7800,1.4100
14.01.2014 00:07:33.592,1.47765,1.47565,1.1300,2.6600
14.01.2014 00:07:34.993,1.47762,1.47562,2.9700,1.7500
14.01.2014 00:07:36.317,1.47763,1.47563,1.7600,2.1300
14.01.2014 00:07:37.866,1.47768,1.47568,1.2400,2.9800
14.01.2014 00:07:39.211,1.47768,1.47568,1.0200,1.8400
14.01.2014 00:07:40.618,1.47767,1.47567,2.0000,2.1900
14.01.2014 00:07:41.994,1.47763,1.47563,1.5500,1.0700
14.01.2014 00:07:43.370,1.47763,1.47563,2.9400,1.2600
14.01.2014 00:07:44.655,1.47763,1.47563,1.2500,1.0600
14.01.2014 00:07:45.951,1.47763,1.47563,2.4900,2.9300
14.01.2014 00:07:47.404,1.47763,1.47563,2.0500,2.8500
14.01.2014 00:07:48.778,1.47763,1.47563,1.1200,1.9300
14.01.2014 00:07:50.314,1.47764,1.47564,1.4600,2.1700
14.01.2014 00:07:51.809,1.47763,1.47563,1.2200,2.9400
14.01.2014 00:07:53.276,1.47767,1.47567,1.2000,1.5300
14.01.2014 00:07:54.626,1.47765,1.47565,2.8700,1.0900
14.01.2014 00:07:56.135,1.47766,1.47566,2.0000,2.6600
14.01.2014 00:07:57.440,1.47768,1.47568,1.6100,1.6400
14.01.2014 00:07:58.864,1.47766,1.47566,2.0300,2.3800
14.01.2014 00:08:00.292,1.47767,1.47567,2.1500,1.3700
14.01.2014 00:08:01.676,1.47767,1.47567,1.7200,1.1400
14.01.2014 00:08:03.094,1.47766,1.47566,1.6900,1.9900
14.01.2014 00:08:04.473,1.47766,1.47566,2.6900,2.8300
14.01.2014 00:08:05.928,1.47768,1.47568,2.0200,1.7700
14.01.2014 00:08:07.424,1.47769,1.47569,2.4000,1.9700
14.01.2014 00:08:08.805,1.47768,1.47568,1.6400,1.0200
14.01.2014 00:08:10.096,1.47766,1.47566,1.2800,1.9200
14.01.2014 00:08:11.403,1.47765,1.47565,2.0000,1.7300
14.01.2014 00:08:12.806,1.47765,1.47565,2.5700,1.2900
14.01.2014 00:08:14.315,1.47765,1.47565,1.5500,1.6500
14.01.2014 00:08:15.661,1.47766,1.47566,1.9100,1.8400
14.01.2014 00:08:17.079,1.47764,1.47564,1.8000,1.9600
14.01.2014 00:08:18.457,1.47763,1.47563,1.2200,1.0100
14.01.2014 00:08:19.871,1.47763,1.47563,1.2200,1.4600
14.01.2014 00:08:21.469,1.47763,1.47563,1.1700,1.5000
14.01.2014 00:08:22.902,1.47762,1.47562,2.7900,1.6800
14.01.2014 00:08:24.290,1.47762,1.47562,1.3100,1.9400
14.01.2014 00:08:25.902,1.47763,1.47563,2.3000,1.6400
14.01.2014 00:08:27.315,1.47765,1.47565,2.4200,2.0000
14.01.2014 00:08:28.688,1.47764,1.47564,1.1000,2.9100
14.01.2014 00:08:29.882,1.47764,1.47564,1.9100,1.1800
14.01.2014 00:08:31.226,1.47764,1.47564,1.9300,2.5500
14.01.2014 00:08:32.644,1.47767,1.47567,2.3000,1.9000
14.01.2014 00:08:33.986,1.47769,1.47569,1.2200,2.1700
14.01.2014 00:08:35.458,1.47770,1.47570,2.1200,2.9600
14.01.2014 00:08:36.867,1.47768,1.47568,1.9000,2.6300
14.01.2014 00:08:38.282,1.47771,1.47571,1.1800,2.3400
14.01.2014 00:08:39.664,1.47771,1.47571,1.2700,2.4000
14.01.2014 00:08:41.001,1.47769,1.47569,2.5100,2.3300
14.01.2014 00:08:42.349,1.47769,1.47569,1.3200,1.8200
14.01.2014 00:08:43.853,1.47771,1.47571,2.9400,2.2600
14.01.2014 00:08:45.077,1.47771,1.47571,2.5500,2.2800
14.01.2014 00:08:46.476,1.47770,1.47570,1.8900,1.2900
14.01.2014 00:08:48.007,1.47772,1.47572,1.5000,2.2400
14.01.2014 00:08:49.397,1.47772,1.47572,2.3400,1.6900
14.01.2014 00:08:50.874,1.47774,1.47574,1.3200,2.2100
14.01.2014 00:08:52.213,1.47769,1.47569,1.6800,2.7600
14.01.2014 00:08:53.669,1.47769,1.47569,1.1000,1.3100
14.01.2014 00:08:55.035,1.47769,1.47569,2.3000,1.3200
14.01.2014 00:08:56.384,1.47768,1.47568,1.0200,2.1100
14.01.2014 00:08:57.639,1.47768,1.47568,1.8100,2.1700
14.01.2014 00:08:59.151,1.47766,1.47566,2.1500,2.7500
14.01.2014 00:09:00.496,1.47766,1.47566,1.9900,1.1000
14.01.2014 00:09:01.700,1.47767,1.47567,1.0700,1.8200
14.01.2014 00:09:03.193,1.47766,1.47566,2.6200,2.7800
14.01.2014 00:09:04.450,1.47765,1.47565,2.2400,1.6200
14.01.2014 00:09:05.743,1.47767,1.47567,1.7000,1.2800
14.01.2014 00:09:06.970,1.47765,1.47565,2.2800,2.5500
14.01.2014 00:09:08.421,1.47766,1.47566,1.4200,1.7600
14.01.2014 00:09:09.736,1.47764,1.47564,2.7500,1.7100
14.01.2014 00:09:10.996,1.47764,1.47564,2.0400,1.3800
14.01.2014 00:09:12.393,1.47762,1.47562,1.3000,2.9800
14.01.2014 00:09:13.834,1.47762,1.47562,2.6300,2.2100
14.01.2014 00:09:15.238,1.47764,1.47564,1.1000,1.0900
14.01.2014 00:09:16.732,1.47764,1.47564,1.1700,1.3500
14.01.2014 00:09:18.198,1.47763,1.47563,2.8900,2.8900
14.01.2014 00:09:19.496,1.47762,1.47562,1.1500,1.2800
14.01.2014 00:09:20.964,1.47760,1.47560,1.1500,2.4500
14.01.2014 00:09:22.500,1.47762,1.47562,2.8400,2.1300
14.01.2014 00:09:23.908,1.47761,1.47561,2.5100,2.6700
14.01.2014 00:09:25.483,1.47762,1.47562,1.3000,1.8100
14.01.2014 00:09:26.767,1.47763,1.47563,2.0900,1.8300
14.01.2014 00:09:28.387,1.47761,1.47561,1.0500,2.2900
14.01.2014 00:09:29.778,1.47760,1.47560,2.0400,1.2300
14.01.2014 00:09:31.160,1.47764,1.47564,2.2800,1.0800
14.01.2014 00:09:32.590,1.47766,1.47566,1.5100,1.1900
14.01.2014 00:09:33.976,1.47767,1.47567,1.4700,1.0400
14.01.2014 00:09:35.295,1.47765,1.47565,1.3200,1.5800
14.01.2014 00:09:36.820,1.47766,1.47566,2.5700,2.1800
14.01.2014 00:09:38.307,1.47769,1.47569,2.4400,2.5000
14.01.2014 00:09:39.696,1.47770,1.47570,2.2000,2.3100
14.01.2014 00:09:40.988,1.47771,1.47571,2.5600,1.0900
14.01.2014 00:09:42.474,1.47769,1.47569,2.7200,2.1600
14.01.2014 00:09:43.905,1.47767,1.47567,2.2300,2.1200
14.01.2014 00:09:45.205,1.47766,1.47566,2.8300,1.7500
14.01.2014 00:09:46.496,1.47766,1.47566,2.6300,2.4600
14.01.2014 00:09:47.847,1.47766,1.47566,2.5700,2.7700
14.01.2014 00:09:49.339,1.47764,1.47564,1.2400,1.1100
14.01.2014 00:09:50.664,1.47763,1.47563,2.6300,2.0000
14.01.2014 00:09:52.047,1.47761,1.47561,1.6300,2.2700
14.01.2014 00:09:53.641,1.47761,1.47561,1.5900,2.3100
14.01.2014 00:09:54.954,1.47761,1.47561,2.1600,1.6100
14.01.2014 00:09:56.293,1.47762,1.47562,2.3100,2.9900
14.01.2014 00:09:57.873,1.47760,1.47560,2.3900,2.2900
14.01.2014 00:09:59.280,1.47757,1.47557,2.5700,1.4300
14.01.2014 00:10:00.719,1.47761,1.47561,2.8000,1.4100
14.01.2014 00:10:01.969,1.47759,1.47559,2.2800,2.7900
14.01.2014 00:10:03.329,1.47758,1.47558,1.8100,1.0800
14.01.2014 00:10:04.712,1.47759,1.47559,1.9100,2.0000
14.01.2014 00:10:06.107,1.47761,1.47561,1.9900,1.4600
14.01.2014 00:10:07.519,1.47763,1.47563,1.2700,2.6200
14.01.2014 00:10:08.991,1.47765,1.47565,2.8300,1.3300
14.01.2014 00:10:10.405,1.47765,1.47565,2.6400,2.9900
14.01.2014 00:10:11.774,1.47763,1.47563,2.7400,2.3700
14.01.2014 00:10:13.023,1.47765,1.47565,2.7200,2.6600
14.01.2014 00:10:14.350,1.47765,1.47565,2.0800,2.7900
14.01.2014 00:10:15.884,1.47764,1.47564,2.2400,2.7300
14.01.2014 00:10:17.282,1.47766,1.47566,1.1100,2.5300
14.01.2014 00:10:18.650,1.47764,1.47564,2.8800,2.8200
14.01.2014 00:10:20.087,1.47764,1.47564,1.8500,2.7500
14.01.2014 00:10:21.596,1.47766,1.47566,1.3200,1.4700
14.01.2014 00:10:23.190,1.47768,1.47568,2.1200,1.7400
14.01.2014 00:10:24.574,1.47769,1.47569,1.9400,1.1000
14.01.2014 00:10:25.942,1.47770,1.47570,2.5000,2.1300
14.01.2014 00:10:27.449,1.47773,1.47573,1.3300,1.4300
14.01.2014 00:10:28.926,1.47772,1.47572,2.1100,2.0800
14.01.2014 00:10:30.347,1.47772,1.47572,2.3900,2.1400
14.01.2014 00:10:31.742,1.47772,1.47572,2.9000,1.1100
14.01.2014 00:10:33.243,1.47776,1.47576,1.0300,2.5400
14.01.2014 00:10:34.559,1.47774,1.47574,1.7200,2.9900
14.01.2014 00:10:36.121,1.47772,1.47572,1.8100,2.9000
14.01.2014 00:10:37.557,1.47770,1.47570,1.1200,1.5900
14.01.2014 00:10:38.930,1.47768,1.47568,1.9900,2.9600
14.01.2014 00:10:40.333,1.47768,1.47568,2.1400,1.4000
14.01.2014 00:10:41.792,1.47767,1.47567,2.9800,2.9200
14.01.2014 00:10:43.329,1.47764,1.47564,1.4500,2.7900
14.01.2014 00:10:44.911,1.47767,1.47567,2.2000,1.3900
14.01.2014 00:10:46.270,1.47764,1.47564,2.2200,2.6200
14.01.2014 00:10:47.513,1.47763,1.47563,1.5600,1.8600
14.01.2014 00:10:48.964,1.47763,1.47563,2.3700,2.0200
14.01.2014 00:10:50.072,1.47764,1.47564,2.9400,1.5100
14.01.2014 00:10:51.341,1.47765,1.47565,2.3600,2.8500
14.01.2014 00:10:52.665,1.47764,1.47564,1.0800,1.9600
14.01.2014 00:10:54.080,1.47763,1.47563,2.6700,1.3400
14.01.2014 00:10:55.453,1.47763,1.47563,1.2500,2.3100
14.01.2014 00:10:56.885,1.47766,1.47566,1.2600,2.1200
14.01.2014 00:10:58.284,1.47764,1.47564,2.9800,2.3900
14.01.2014 00:10:59.583,1.47765,1.47565,2.4100,2.4800
14.01.2014 00:11:00.969,1.47763,1.47563,1.1900,1.9600
14.01.2014 00:11:02.338,1.47761,1.47561,1.4900,1.5500
14.01.2014 00:11:03.717,1.47763,1.47563,1.1300,1.4100
14.01.2014 00:11:05.091,1.47764,1.47564,1.3600,2.5600
14.01.2014 00:11:06.425,1.47764,1.47564,1.0200,1.2800
14.01.2014 00:11:08.019,1.47764,1.47564,2.3400,2.4300
14.01.2014 00:11:09.339,1.47764,1.47564,1.8700,1.5400
14.01.2014 00:11:10.689,1.47764,1.47564,2.8900,2.8000
14.01.2014 00:11:12.021,1.47764,1.47564,1.5300,1.2000
14.01.2014 00:11:13.368,1.47768,1.47568,2.3200,1.8400
14.01.2014 00:11:14.803,1.47766,1.47566,1.0300,1.2300
14.01.2014 00:11:16.113,1.47765,1.47565,2.1200,1.6300
14.01.2014 00:11:17.456,1.47764,1.47564,2.6900,2.7700
14.01.2014 00:11:18.980,1.47764,1.47564,2.2600,2.9500
14.01.2014 00:11:20.266,1.47763,1.47563,2.6100,2.7100
14.01.2014 00:11:21.728,1.47763,1.47563,2.3100,2.3200
14.01.2014 00:11:23.307,1.47763,1.47563,2.8700,1.1800
14.01.2014 00:11:24.583,1.47761,1.47561,2.8800,2.2400
14.01.2014 00:11:25.943,1.47760,1.47560,2.5600,1.2700
14.01.2014 00:11:27.382,1.47760,1.47560,1.9500,1.3500
14.01.2014 00:11:28.749,1.47759,1.47559,1.0700,2.6700
14.01.2014 00:11:30.154,1.47755,1.47555,1.8500,2.1600
14.01.2014 00:11:31.499,1.47756,1.47556,1.7100,1.0300
14.01.2014 00:11:32.919,1.47754,1.47554,2.0400,1.9000
14.01.2014 00:11:34.413,1.47752,1.47552,1.0600,1.3400
14.01.2014 00:11:35.843,1.47750,1.47550,2.4600,1.1700
14.01.2014 00:11:37.256,1.47749,1.47549,2.6800,2.2800
14.01.2014 00:11:38.752,1.47748,1.47548,2.6000,2.7300
14.01.2014 00:11:40.151,1.47750,1.47550,1.5900,1.4600
14.01.2014 00:11:41.575,1.47751,1.47551,2.0400,2.1200
14.01.2014 00:11:43.129,1.47751,1.47551,2.6600,1.5900
14.01.2014 00:11:44.722,1.47750,1.47550,2.5800,1.3200
14.01.2014 00:11:46.034,1.47749,1.47549,2.4200,1.8600
14.01.2014 00:11:47.295,1.47750,1.47550,2.0100,1.8800
14.01.2014 00:11:48.677,1.47751,1.47551,2.3800,1.5300
14.01.2014 00:11:50.085,1.47751,1.47551,2.0100,1.8900
14.01.2014 00:11:51.423,1.47751,1.47551,2.9600,1.4400
14.01.2014 00:11:52.728,1.47749,1.47549,2.1800,1.4300
14.01.2014 00:11:54.167,1.47746,1.47546,1.9300,2.0600
14.01.2014 00:11:55.573,1.47746,1.47546,1.6300,2.5800
14.01.2014 00:11:56.833,1.47747,1.47547,2.6200,2.2800
14.01.2014 00:11:58.092,1.47744,1.47544,2.7200,1.1500
14.01.2014 00:11:59.411,1.47749,1.47549,1.5200,2.3000
14.01.2014 00:12:00.991,1.47751,1.47551,2.7100,1.3200
14.01.2014 00:12:02.316,1.47751,1.47551,2.1900,1.0900
14.01.2014 00:12:03.758,1.47752,1.47552,2.5400,2.1500
14.01.2014 00:12:05.105,1.47752,1.47552,2.6400,2.6500
14.01.2014 00:12:06.451,1.47751,1.47551,1.3300,1.4900
14.01.2014 00:12:07.853,1.47753,1.47553,1.7000,1.5600
14.01.2014 00:12:09.087,1.47754,1.47554,1.1200,2.2400
14.01.2014 00:12:10.453,1.47753,1.47553,1.5200,2.4000
14.01.2014 00:12:11.667,1.47754,1.47554,2.6600,1.4800
14.01.2014 00:12:13.125,1.47752,1.47552,1.6300,2.1900
14.01.2014 00:12:14.631,1.47749,1.47549,1.5700,2.3300
14.01.2014 00:12:16.038,1.47752,1.47552,1.8500,1.4200
14.01.2014 00:12:17.421,1.47752,1.47552,2.2900,2.2500
14.01.2014 00:12:18.895,1.47751,1.47551,2.9100,2.9000
14.01.2014 00:12:20.175,1.47754,1.47554,2.5900,2.5600
14.01.2014 00:12:21.542,1.47755,1.47555,1.9500,2.8000
14.01.2014 00:12:23.238,1.47758,1.47558,1.6500,1.6000
14.01.2014 00:12:24.465,1.47759,1.47559,2.5600,1.4800
14.01.2014 00:12:25.842,1.47758,1.47558,1.6500,1.3000
14.01.2014 00:12:27.210,1.47758,1.47558,1.0000,2.0500
14.01.2014 00:12:28.474,1.47756,1.47556,1.9400,1.2000
14.01.2014 00:12:29.757,1.47756,1.47556,1.1000,1.1900
14.01.2014 00:12:31.229,1.47755,1.47555,1.2300,2.2400
14.01.2014 00:12:32.701,1.47759,1.47559,1.0200,2.2800
14.01.2014 00:12:34.304,1.47757,1.47557,2.4100,1.1600
14.01.2014 00:12:35.672,1.47756,1.47556,1.4900,1.8200
14.01.2014 00:12:37.084,1.47756,1.47556,1.1000,2.0600
14.01.2014 00:12:38.426,1.47755,1.47555,1.3600,2.6700
14.01.2014 00:12:40.058,1.47760,1.47560,2.0400,1.1900
14.01.2014 00:12:41.452,1.47760,1.47560,1.1000,1.3000
14.01.2014 00:12:42.915,1.47757,1.47557,2.6300,1.0100
14.01.2014 00:12:44.293,1.47757,1.47557,2.2200,1.5800
14.01.2014 00:12:45.660,1.47759,1.47559,1.0300,1.6000
14.01.2014 00:12:46.986,1.47761,1.47561,1.7700,2.4000
14.01.2014 00:12:48.542,1.47759,1.47559,1.6700,1.3000
14.01.2014 00:12:49.704,1.47760,1.47560,2.4300,2.8900
14.01.2014 00:12:51.040,1.47761,1.47561,2.6400,1.5500
14.01.2014 00:12:52.517,1.47761,1.47561,2.3800,2.9100
14.01.2014 00:12:53.827,1.47761,1.47561,2.5200,1.0200
14.01.2014 00:12:55.263,1.47761,1.47561,1.6600,2.2900
14.01.2014 00:12:56.613,1.47760,1.47560,1.0600,1.5200
14.01.2014 00:12:57.858,1.47760,1.47560,1.6000,2.7000
14.01.2014 00:12:59.217,1.47759,1.47559,2.1300,2.9500
14.01.2014 00:13:00.615,1.47758,1.47558,2.4600,2.6500
14.01.2014 00:13:01.900,1.47760,1.47560,1.1800,2.4000
14.01.2014 00:13:03.171,1.47763,1.47563,1.2800,1.3500
14.01.2014 00:13:04.524,1.47763,1.47563,2.1200,1.9700
14.01.2014 00:13:05.979,1.47762,1.47562,1.0200,1.8400
14.01.2014 00:13:07.437,1.47762,1.47562,1.3400,2.5600
14.01.2014 00:13:08.882,1.47762,1.47562,1.4200,2.5300
14.01.2014 00:13:10.318,1.47762,1.47562,1.6100,1.7900
14.01.2014 00:13:11.662,1.47762,1.47562,2.7200,1.5900
14.01.2014 00:13:12.812,1.47761,1.47561,1.2300,1.0800
14.01.2014 00:13:14.139,1.47762,1.47562,1.3400,2.3900
14.01.2014 00:13:15.539,1.47762,1.47562,1.6800,2.6300
14.01.2014 00:13:17.083,1.47762,1.47562,1.0100,2.5400
14.01.2014 00:13:18.465,1.47761,1.47561,1.4900,2.7500
14.01.2014 00:13:19.875,1.47758,1.47558,1.6000,2.2100
14.01.2014 00:13:21.093,1.47760,1.47560,2.7100,2.2700
14.01.2014 00:13:22.568,1.47759,1.47559,1.1000,2.9900
14.01.2014 00:13:24.031,1.47760,1.47560,1.3200,1.0900
14.01.2014 00:13:25.389,1.47759,1.47559,1.8200,1.1200
14.01.2014 00:13:26.865,1.47760,1.47560,2.9900,2.0000
14.01.2014 00:13:28.125,1.47762,1.47562,1.7500,2.9300
14.01.2014 00:13:29.465,1.47761,1.47561,1.9900,2.8000
14.01.2014 00:13:30.918,1.47764,1.47564,1.7000,2.8700
14.01.2014 00:13:32.349,1.47763,1.47563,2.0500,1.2500
14.01.2014 00:13:33.784,1.47762,1.47562,1.6300,1.3600
14.01.2014 00:13:35.226,1.47762,1.47562,2.7500,2.4100
14.01.2014 00:13:36.426,1.47763,1.47563,1.9100,1.5600
14.01.2014 00:13:37.829,1.47765,1.47565,1.7100,1.8000
14.01.2014 00:13:39.171,1.47766,1.47566,2.7200,1.0200
14.01.2014 00:13:40.534,1.47764,1.47564,2.2200,1.4600
14.01.2014 00:13:42.010,1.47763,1.47563,2.9700,1.6800
14.01.2014 00:13:43.383,1.47763,1.47563,2.8300,1.6700
14.01.2014 00:13:44.662,1.47764,1.47564,1.9800,1.7500
14.01.2014 00:13:45.914,1.47763,1.47563,1.2900,1.9800
14.01.2014 00:13:47.414,1.47764,1.47564,2.6800,1.0400
14.01.2014 00:13:48.853,1.47765,1.47565,1.1400,2.9000
14.01.2014 00:13:50.268,1.47765,1.47565,2.8700,2.5600
14.01.2014 00:13:51.768,1.47766,1.47566,2.9600,1.6200
14.01.2014 00:13:53.124,1.47765,1.47565,1.3700,2.8900
14.01.2014 00:13:54.490,1.47767,1.47567,1.9600,2.2700
14.01.2014 00:13:55.986,1.47768,1.47568,2.7300,1.3100
14.01.2014 00:13:57.346,1.47768,1.47568,1.5900,2.9600
14.01.2014 00:13:58.861,1.47769,1.47569,2.7400,2.6200
14.01.2014 00:14:00.277,1.47770,1.47570,1.4700,1.4500
14.01.2014 00:14:01.592,1.47768,1.47568,2.2600,2.0300
14.01.2014 00:14:02.899,1.47767,1.47567,1.9500,2.2600
14.01.2014 00:14:04.387,1.47766,1.47566,2.7800,1.7500
14.01.2014 00:14:05.936,1.47768,1.47568,1.6200,1.0700
14.01.2014 00:14:07.250,1.47768,1.47568,1.7200,1.6000
14.01.2014 00:14:08.527,1.47768,1.47568,2.1200,1.9600
14.01.2014 00:14:09.907,1.47765,1.47565,2.3100,1.0500
14.01.2014 00:14:11.262,1.47763,1.47563,2.2400,2.5800
14.01.2014 00:14:12.778,1.47766,1.47566,1.3300,2.5600
14.01.2014 00:14:14.084,1.47766,1.47566,1.7400,2.9000
14.01.2014 00:14:15.290,1.47766,1.47566,2.6900,2.6800
14.01.2014 00:14:16.613,1.47764,1.47564,2.6400,1.0600
14.01.2014 00:14:18.100,1.47766,1.47566,1.6200,1.7100
14.01.2014 00:14:19.362,1.47765,1.47565,1.3700,2.2000
14.01.2014 00:14:20.687,1.47763,1.47563,1.5500,1.9000
14.01.2014 00:14:22.056,1.47761,1.47561,1.6200,1.7800
14.01.2014 00:14:23.524,1.47761,1.47561,1.9300,2.9000
14.01.2014 00:14:24.957,1.47760,1.47560,2.3400,2.4400
14.01.2014 00:14:26.450,1.47757,1.47557,1.4600,2.0300
14.01.2014 00:14:27.723,1.47758,1.47558,1.6500,2.8200
14.01.2014 00:14:29.112,1.47759,1.47559,2.4300,2.5900
14.01.2014 00:14:30.496,1.47761,1.47561,1.4400,1.1300
14.01.2014 00:14:31.765,1.47759,1.47559,1.1200,2.3600
14.01.2014 00:14:33.141,1.47759,1.47559,1.9200,2.5500
14.01.2014 00:14:34.597,1.47757,1.47557,2.6700,2.8300
14.01.2014 00:14:36.138,1.47758,1.47558,2.0300,1.3500
14.01.2014 00:14:37.537,1.47760,1.47560,2.6600,1.4500
14.01.2014 00:14:38.951,1.47760,1.47560,2.0500,2.6000
14.01.2014 00:14:40.321,1.47763,1.47563,2.4300,2.5100
14.01.2014 00:14:41.807,1.47762,1.47562,2.8800,2.0900
14.01.2014 00:14:43.011,1.47762,1.47562,1.4400,2.5800
14.01.2014 00:14:44.322,1.47763,1.47563,2.3300,2.1800
14.01.2014 00:14:45.579,1.47762,1.47562,1.3500,2.7300
14.01.2014 00:14:46.924,1.47766,1.47566,1.2500,1.8800
14.01.2014 00:14:48.374,1.47767,1.47567,1.6300,1.0100
14.01.2014 00:14:49.720,1.47765,1.47565,2.6000,1.2200
14.01.2014 00:14:51.244,1.47766,1.47566,1.2700,2.0500
14.01.2014 00:14:52.725,1.47763,1.47563,2.2600,1.6100
14.01.2014 00:14:54.135,1.47765,1.47565,1.9600,2.7100
14.01.2014 00:14:55.540,1.47764,1.47564,1.7700,1.4500
14.01.2014 00:14:56.991,1.47761,1.47561,1.0800,2.6500
14.01.2014 00:14:58.392,1.47759,1.47559,2.4900,2.2600
14.01.2014 00:14:59.918,1.47758,1.47558,1.5000,1.6500
14.01.2014 00:15:01.377,1.47759,1.47559,2.7600,1.8900
14.01.2014 00:15:02.656,1.47759,1.47559,1.3700,2.3000
14.01.2014 00:15:04.071,1.47756,1.47556,2.5500,2.0400
14.01.2014 00:15:05.455,1.47757,1.47557,2.3600,2.1100
14.01.2014 00:15:07.082,1.47754,1.47554,2.0300,1.7900
14.01.2014 00:15:08.433,1.47753,1.47553,2.3500,1.9400
14.01.2014 00:15:10.094,1.47752,1.47552,1.8700,1.2000
14.01.2014 00:15:11.323,1.47752,1.47552,1.3800,1.1000
14.01.2014 00:15:12.705,1.47750,1.47550,1.0100,1.2500
14.01.2014 00:15:14.217,1.47750,1.47550,2.9700,1.7400
14.01.2014 00:15:15.719,1.47754,1.47554,2.3600,1.5300
14.01.2014 00:15:17.117,1.47752,1.47552,1.1700,1.8600
14.01.2014 00:15:18.785,1.47752,1.47552,1.8800,1.7100
14.01.2014 00:15:20.179,1.47750,1.47550,2.0700,1.2900
14.01.2014 00:15:21.667,1.47751,1.47551,2.3500,1.3900
14.01.2014 00:15:23.120,1.47750,1.47550,1.9800,1.6200
14.01.2014 00:15:24.705,1.47746,1.47546,1.4600,1.0900
14.01.2014 00:15:26.065,1.47748,1.47548,1.7700,1.5000
14.01.2014 00:15:27.464,1.47748,1.47548,2.6500,1.4600
14.01.2014 00:15:29.047,1.47750,1.47550,1.7600,2.3300
14.01.2014 00:15:30.313,1.47749,1.47549,1.4100,2.0700
14.01.2014 00:15:31.703,1.47750,1.47550,1.9400,2.8300
14.01.2014 00:15:33.061,1.47751,1.47551,2.2300,2.4300
14.01.2014 00:15:34.308,1.47753,1.47553,1.4300,2.7900
14.01.2014 00:15:35.721,1.47753,1.47553,1.7700,2.5000
14.01.2014 00:15:37.056,1.47754,1.47554,2.8600,1.4600
14.01.2014 00:15:38.525,1.47755,1.47555,2.4700,1.8100
14.01.2014 00:15:39.941,1.47757,1.47557,1.1100,1.4100
14.01.2014 00:15:41.372,1.47758,1.47558,2.2600,1.5300
14.01.2014 00:15:42.903,1.47763,1.47563,2.7900,2.3400
14.01.2014 00:15:44.003,1.47762,1.47562,2.0500,1.7000
14.01.2014 00:15:45.352,1.47762,1.47562,2.5700,1.2500
14.01.2014 00:15:46.794,1.47761,1.47561,2.8400,1.2600
14.01.2014 00:15:48.465,1.47763,1.47563,1.2300,1.8200
14.01.2014 00:15:49.752,1.47763,1.47563,2.7500,2.6600
14.01.2014 00:15:51.273,1.47763,1.47563,2.1900,1.0400
14.01.2014 00:15:52.802,1.47764,1.47564,1.2500,2.3800
14.01.2014 00:15:54.328,1.47763,1.47563,1.0400,2.8100
14.01.2014 00:15:55.651,1.47762,1.47562,1.8300,2.6800
14.01.2014 00:15:56.973,1.47763,1.47563,1.5100,2.6600
14.01.2014 00:15:58.380,1.47761,1.47561,2.7200,2.5100
14.01.2014 00:15:59.806,1.47760,1.47560,1.3100,1.9000
14.01.2014 00:16:01.193,1.47758,1.47558,2.1000,2.0000
14.01.2014 00:16:02.509,1.47756,1.47556,1.6000,1.1900
14.01.2014 00:16:03.939,1.47756,1.47556,1.2500,2.8500
14.01.2014 00:16:05.362,1.47757,1.47557,2.2200,2.4800
14.01.2014 00:16:06.937,1.47757,1.47557,2.8900,2.8800
14.01.2014 00:16:08.418,1.47755,1.47555,1.9400,2.3000
14.01.2014 00:16:09.878,1.47753,1.47553,1.6100,2.8900
14.01.2014 00:16:11.326,1.47753,1.47553,2.3900,2.1600
14.01.2014 00:16:12.830,1.47750,1.47550,2.3200,2.9800
14.01.2014 00:16:14.398,1.47751,1.47551,1.5600,1.2100
14.01.2014 00:16:15.812,1.47749,1.47549,1.7300,1.4100
14.01.2014 00:16:17.314,1.47749,1.47549,2.4900,2.0700
14.01.2014 00:16:18.579,1.47748,1.47548,2.9500,1.2200
14.01.2014 00:16:19.894,1.47748,1.47548,2.9700,1.7000
14.01.2014 00:16:21.411,1.47747,1.47547,1.7400,1.0900
14.01.2014 00:16:22.632,1.47744,1.47544,1.5100,1.7700
14.01.2014 00:16:24.003,1.47744,1.47544,1.3400,1.2600
14.01.2014 00:16:25.380,1.47745,1.47545,1.6500,2.8200
14.01.2014 00:16:26.825,1.47746,1.47546,1.9400,2.9100
14.01.2014 00:16:28.111,1.47748,1.47548,1.5600,1.2800
14.01.2014 00:16:29.429,1.47748,1.47548,1.7200,2.3400
14.01.2014 00:16:30.828,1.47749,1.47549,1.1500,2.1500
14.01.2014 00:16:32.318,1.47750,1.47550,1.8900,2.5300
14.01.2014 00:16:33.794,1.47751,1.47551,2.0300,1.2600
14.01.2014 00:16:35.283,1.47751,1.47551,2.0900,1.0700
14.01.2014 00:16:36.616,1.47750,1.47550,2.7200,2.1100
14.01.2014 00:16:38.028,1.47752,1.47552,2.8200,1.3000
14.01.2014 00:16:39.437,1.47752,1.47552,2.0000,1.0700
14.01.2014 00:16:40.830,1.47753,1.47553,1.8500,2.8500
14.01.2014 00:16:42.158,1.47754,1.47554,2.3600,2.9500
14.01.2014 00:16:43.516,1.47755,1.47555,2.2000,1.3100
14.01.2014 00:16:44.943,1.47756,1.47556,2.0100,1.6300
14.01.2014 00:16:46.372,1.47756,1.47556,1.2500,1.3700
14.01.2014 00:16:47.825,1.47758,1.47558,2.7600,2.0400
14.01.2014 00:16:49.239,1.47758,1.47558,1.5100,1.2700
14.01.2014 00:16:50.576,1.47757,1.47557,2.3400,1.5700
14.01.2014 00:16:51.884,1.47760,1.47560,2.8300,1.2400
14.01.2014 00:16:53.307,1.47762,1.47562,1.9400,2.7100
14.01.2014 00:16:54.782,1.47764,1.47564,1.8600,2.5500
14.01.2014 00:16:56.217,1.47763,1.47563,2.1800,2.8100
14.01.2014 00:16:57.544,1.47763,1.47563,2.8500,1.7400
14.01.2014 00:16:58.910,1.47763,1.47563,1.3900,2.4800
14.01.2014 00:17:00.316,1.47762,1.47562,1.0100,1.2600
14.01.2014 00:17:01.657,1.47765,1.47565,1.4000,3.0000
14.01.2014 00:17:02.957,1.47764,1.47564,2.6600,1.3100
14.01.2014 00:17:04.481,1.47767,1.47567,2.3500,1.4200
14.01.2014 00:17:05.853,1.47765,1.47565,2.6700,1.6100
14.01.2014 00:17:07.195,1.47764,1.47564,1.3200,1.1300
14.01.2014 00:17:08.669,1.47761,1.47561,2.7400,1.2300
14.01.2014 00:17:10.156,1.47763,1.47563,1.8000,1.2300
14.01.2014 00:17:11.603,1.47762,1.47562,1.3600,2.8800
14.01.2014 00:17:13.093,1.47763,1.47563,2.6400,2.3200
14.01.2014 00:17:14.594,1.47764,1.47564,1.1600,2.1200
14.01.2014 00:17:15.965,1.47763,1.47563,2.4100,2.2600
14.01.2014 00:17:17.505,1.47764,1.47564,2.9300,2.9500
14.01.2014 00:17:18.848,1.47765,1.47565,1.1900,2.6800
14.01.2014 00:17:20.102,1.47767,1.47567,1.6600,1.0600
14.01.2014 00:17:21.454,1.47767,1.47567,2.5000,2.4500
14.01.2014 00:17:22.783,1.47766,1.47566,1.2700,1.7700
14.01.2014 00:17:24.276,1.47764,1.47564,1.4900,2.4100
14.01.2014 00:17:25.906,1.47765,1.47565,1.6100,1.5300
14.01.2014 00:17:27.154,1.47765,1.47565,1.4400,1.6400
14.01.2014 00:17:28.538,1.47764,1.47564,1.4900,2.8700
14.01.2014 00:17:29.948,1.47763,1.47563,1.1400,2.7900
14.01.2014 00:17:31.373,1.47762,1.47562,1.8400,2.8700
14.01.2014 00:17:32.887,1.47763,1.47563,2.5300,1.8700
14.01.2014 00:17:34.395,1.47767,1.47567,2.6100,1.0400
14.01.2014 00:17:35.826,1.47766,1.47566,2.6500,2.9600
14.01.2014 00:17:37.257,1.47765,1.47565,2.9800,1.5900
14.01.2014 00:17:38.581,1.47766,1.47566,1.1400,2.7800
14.01.2014 00:17:39.860,1.47767,1.47567,2.8100,2.7400
14.01.2014 00:17:41.515,1.47765,1.47565,1.6000,1.0500
14.01.2014 00:17:43.014,1.47768,1.47568,1.1200,2.3000
14.01.2014 00:17:44.218,1.47766,1.47566,2.4500,1.4300
14.01.2014 00:17:45.673,1.47767,1.47567,2.7100,1.8000
14.01.2014 00:17:47.074,1.47768,1.47568,2.8200,1.1800
14.01.2014 00:17:48.572,1.47768,1.47568,2.0000,2.0200
14.01.2014 00:17:49.908,1.47768,1.47568,1.4600,2.7800
14.01.2014 00:17:51.245,1.47767,1.47567,2.2300,2.1500
14.01.2014 00:17:52.558,1.47769,1.47569,1.9200,1.8500
14.01.2014 00:17:53.849,1.47770,1.47570,1.6100,1.5700
14.01.2014 00:17:55.255,1.47769,1.47569,1.6900,2.0100
14.01.2014 00:17:56.759,1.47767,1.47567,1.9600,1.0500
14.01.2014 00:17:58.118,1.47769,1.47569,1.4600,2.7200
14.01.2014 00:17:59.429,1.47771,1.47571,1.5400,1.1400
14.01.2014 00:18:00.873,1.47768,1.47568,2.6900,1.6500
14.01.2014 00:18:02.309,1.47771,1.47571,1.4500,1.4900
14.01.2014 00:18:03.868,1.47768,1.47568,2.3300,2.0300
14.01.2014 00:18:05.101,1.47768,1.47568,2.6000,2.2800
14.01.2014 00:18:06.474,1.47769,1.47569,2.8700,1.9300
14.01.2014 00:18:08.039,1.47773,1.47573,2.4300,2.9700
14.01.2014 00:18:09.490,1.47773,1.47573,1.5100,1.2300
14.01.2014 00:18:10.948,1.47774,1.47574,2.3100,1.3100
14.01.2014 00:18:12.410,1.47775,1.47575,1.8000,3.0000
14.01.2014 00:18:13.797,1.47775,1.47575,1.4200,1.3300
14.01.2014 00:18:15.252,1.47775,1.47575,2.6800,2.8500
14.01.2014 00:18:16.588,1.47772,1.47572,2.2400,1.4800
14.01.2014 00:18:17.860,1.47772,1.47572,1.6600,2.7300
14.01.2014 00:18:19.280,1.47769,1.47569,2.4300,2.7100
14.01.2014 00:18:20.489,1.47769,1.47569,2.3100,1.4300
14.01.2014 00:18:21.856,1.47773,1.47573,1.0800,2.2400
14.01.2014 00:18:23.366,1.47774,1.47574,1.7600,1.7000
14.01.2014 00:18:24.984,1.47776,1.47576,2.0800,2.6800
14.01.2014 00:18:26.401,1.47775,1.47575,1.9200,2.6000
14.01.2014 00:18:27.884,1.47775,1.47575,1.6800,1.1700
14.01.2014 00:18:29.159,1.47775,1.47575,2.0100,2.3500
14.01.2014 00:18:30.614,1.47775,1.47575,1.8900,1.5600
14.01.2014 00:18:31.944,1.47776,1.47576,2.9100,2.0200
14.01.2014 00:18:33.359,1.47774,1.47574,1.4600,1.6200
14.01.2014 00:18:34.999,1.47773,1.47573,2.5000,1.5100
14.01.2014 00:18:36.333,1.47771,1.47571,1.6200,2.8100
14.01.2014 00:18:37.802,1.47772,1.47572,2.0700,2.8300
14.01.2014 00:18:39.184,1.47773,1.47573,1.2000,1.2700
14.01.2014 00:18:40.652,1.47773,1.47573,1.6300,1.7600
14.01.2014 00:18:42.121,1.47773,1.47573,1.4800,1.3700
14.01.2014 00:18:43.393,1.47773,1.47573,1.1600,1.0700
14.01.2014 00:18:44.826,1.47774,1.47574,1.8300,1.0800
14.01.2014 00:18:46.422,1.47776,1.47576,2.0800,2.5100
14.01.2014 00:18:47.765,1.47777,1.47577,2.1000,1.1600
14.01.2014 00:18:49.083,1.47775,1.47575,1.2700,2.3600
14.01.2014 00:18:50.399,1.47774,1.47574,2.8700,1.4800
14.01.2014 00:18:51.959,1.47773,1.47573,2.6500,1.0900
14.01.2014 00:18:53.377,1.47772,1.47572,2.3200,1.1800
14.01.2014 00:18:54.783,1.47774,1.47574,2.8000,1.3700
14.01.2014 00:18:56.181,1.47772,1.47572,2.7700,1.5000
14.01.2014 00:18:57.572,1.47771,1.47571,2.9800,1.3800
14.01.2014 00:18:58.871,1.47769,1.47569,1.8400,2.1400
14.01.2014 00:19:00.226,1.47771,1.47571,1.9300,2.1200
14.01.2014 00:19:01.859,1.47770,1.47570,2.0000,2.6700
14.01.2014 00:19:03.080,1.47772,1.47572,1.0600,2.8100
14.01.2014 00:19:04.341,1.47773,1.47573,2.0700,1.7700
14.01.2014 00:19:05.782,1.47772,1.47572,1.1400,1.4500
14.01.2014 00:19:07.197,1.47772,1.47572,1.6700,2.2100
14.01.2014 00:19:08.542,1.47773,1.47573,2.0700,2.0100
14.01.2014 00:19:09.866,1.47774,1.47574,2.7400,1.5300
14.01.2014 00:19:11.491,1.47774,1.47574,2.7200,3.0000
14.01.2014 00:19:13.013,1.47776,1.47576,2.1700,2.6400
14.01.2014 00:19:14.220,1.47774,1.47574,2.0100,2.7000
14.01.2014 00:19:15.646,1.47773,1.47573,1.8200,2.4600
14.01.2014 00:19:17.080,1.47771,1.47571,2.0700,2.7300
14.01.2014 00:19:18.595,1.47769,1.47569,2.6200,1.4800
14.01.2014 00:19:20.067,1.47771,1.47571,1.7600,2.8900
14.01.2014 00:19:21.379,1.47770,1.47570,1.0600,2.4900
14.01.2014 00:19:22.905,1.47771,1.47571,2.9700,1.3400
14.01.2014 00:19:24.323,1.47771,1.47571,1.8400,2.1500
14.01.2014 00:19:25.623,1.47771,1.47571,1.2800,2.1800
14.01.2014 00:19:27.046,1.47771,1.47571,2.4800,2.0500
14.01.2014 00:19:28.356,1.47771,1.47571,1.7900,1.8900
14.01.2014 00:19:29.618,1.47772,1.47572,2.6400,2.1500
14.01.2014 00:19:31.003,1.47773,1.47573,2.4300,1.7200
14.01.2014 00:19:32.307,1.47774,1.47574,2.3300,1.3400
14.01.2014 00:19:33.631,1.47775,1.47575,2.0900,2.5000
14.01.2014 00:19:35.171,1.47775,1.47575,2.0300,1.5500
14.01.2014 00:19:36.835,1.47776,1.47576,2.6600,2.3600
14.01.2014 00:19:38.265,1.47773,1.47573,2.1100,2.7200
14.01.2014 00:19:39.716,1.47771,1.47571,2.5400,2.3700
14.01.2014 00:19:41.158,1.47770,1.47570,1.9600,1.5000
14.01.2014 00:19:42.622,1.47767,1.47567,1.7800,1.8600
14.01.2014 00:19:43.919,1.47767,1.47567,2.9700,1.3000
14.01.2014 00:19:45.262,1.47766,1.47566,2.8600,1.6300
14.01.2014 00:19:46.736,1.47763,1.47563,1.6300,2.7100
14.01.2014 00:19:48.240,1.47763,1.47563,1.4600,1.8400
14.01.2014 00:19:49.898,1.47764,1.47564,2.5800,1.8100
14.01.2014 00:19:51.088,1.47764,1.47564,1.8600,1.0500
14.01.2014 00:19:52.592,1.47761,1.47561,2.5900,2.1400
14.01.2014 00:19:53.933,1.47760,1.47560,1.5000,1.1100
14.01.2014 00:19:55.387,1.47763,1.47563,2.3400,2.8600
14.01.2014 00:19:56.773,1.47765,1.47565,1.9100,2.7000
14.01.2014 00:19:58.139,1.47764,1.47564,2.0800,1.0300
14.01.2014 00:19:59.591,1.47765,1.47565,1.0300,2.8300
14.01.2014 00:20:00.797,1.47764,1.47564,2.5100,2.8800
14.01.2014 00:20:02.260,1.47764,1.47564,2.0500,1.7500
14.01.2014 00:20:03.549,1.47764,1.47564,2.9500,1.1200
14.01.2014 00:20:05.068,1.47764,1.47564,2.2100,2.5700
14.01.2014 00:20:06.570,1.47761,1.47561,1.5900,2.2600
14.01.2014 00:20:08.171,1.47760,1.47560,2.5900,2.9700
14.01.2014 00:20:09.743,1.47762,1.47562,1.8200,2.2300
14.01.2014 00:20:11.092,1.47763,1.47563,1.1600,2.2400
14.01.2014 00:20:12.528,1.47763,1.47563,1.4200,2.6700
14.01.2014 00:20:13.786,1.47760,1.47560,1.5700,1.6200
14.01.2014 00:20:15.174,1.47759,1.47559,1.9500,1.0800
14.01.2014 00:20:16.739,1.47760,1.47560,1.6200,1.4300
14.01.2014 00:20:18.142,1.47762,1.47562,1.8700,2.7200
14.01.2014 00:20:19.623,1.47762,1.47562,2.9600,1.7200
14.01.2014 00:20:21.052,1.47761,1.47561,1.3400,1.5300
14.01.2014 00:20:22.325,1.47759,1.47559,2.3800,2.2700
14.01.2014 00:20:23.793,1.47759,1.47559,1.4000,2.3400
14.01.2014 00:20:25.089,1.47757,1.47557,2.1600,2.6600
14.01.2014 00:20:26.519,1.47763,1.47563,2.3700,1.7500
14.01.2014 00:20:27.922,1.47763,1.47563,1.6200,2.4400
14.01.2014 00:20:29.300,1.47762,1.47562,1.8600,1.3600
14.01.2014 00:20:30.595,1.47762,1.47562,2.3900,2.3800
14.01.2014 00:20:32.156,1.47764,1.47564,1.4300,2.8400
14.01.2014 00:20:33.415,1.47766,1.47566,1.8300,1.0000
14.01.2014 00:20:34.699,1.47765,1.47565,2.9000,2.7200
14.01.2014 00:20:35.981,1.47766,1.47566,1.9000,2.6800
14.01.2014 00:20:37.400,1.47766,1.47566,1.3400,2.1700
14.01.2014 00:20:38.666,1.47766,1.47566,2.9300,2.9400
14.01.2014 00:20:40.069,1.47767,1.47567,1.8500,2.9400
14.01.2014 00:20:41.548,1.47768,1.47568,1.4700,2.3500
14.01.2014 00:20:42.990,1.47767,1.47567,1.6000,2.7700
14.01.2014 00:20:44.517,1.47766,1.47566,1.8000,2.0400
14.01.2014 00:20:45.785,1.47766,1.47566,2.0100,1.6700
14.01.2014 00:20:47.338,1.47767,1.47567,1.4200,1.3900
14.01.2014 00:20:48.697,1.47768,1.47568,2.7600,1.6900
14.01.2014 00:20:50.154,1.47768,1.47568,1.0600,2.7100
14.01.2014 00:20:51.587,1.47769,1.47569,1.6500,2.1000
14.01.2014 00:20:53.025,1.47771,1.47571,1.2900,1.2400
14.01.2014 00:20:54.464,1.47770,1.47570,2.8800,1.0800
14.01.2014 00:20:55.899,1.47770,1.47570,1.2900,2.3300
14.01.2014 00:20:57.244,1.47771,1.47571,1.5100,2.1900
14.01.2014 00:20:58.525,1.47773,1.47573,1.3200,1.4400
14.01.2014 00:20:59.688,1.47775,1.47575,2.4900,2.3900
14.01.2014 00:21:01.152,1.47774,1.47574,1.2800,1.5600
14.01.2014 00:21:02.676,1.47773,1.47573,2.3400,2.3600
14.01.2014 00:21:04.222,1.47774,1.47574,2.5000,2.4600
14.01.2014 00:21:05.589,1.47773,1.47573,2.6300,2.8600
14.01.2014 00:21:06.996,1.47773,1.47573,2.4400,1.5800
14.01.2014 00:21:08.252,1.47775,1.47575,1.8200,1.6000
14.01.2014 00:21:09.808,1.47774,1.47574,2.4800,1.9100
14.01.2014 00:21:11.208,1.47774,1.47574,2.6600,2.3300
14.01.2014 00:21:12.732,1.47773,1.47573,1.3200,1.5100
14.01.2014 00:21:14.030,1.47770,1.47570,2.8900,2.4900
14.01.2014 00:21:15.361,1.47770,1.47570,1.0000,2.4100
14.01.2014 00:21:16.715,1.47771,1.47571,2.3900,1.4800
14.01.2014 00:21:18.195,1.47771,1.47571,1.1500,2.7900
14.01.2014 00:21:19.583,1.47772,1.47572,2.0600,2.6200
14.01.2014 00:21:20.956,1.47772,1.47572,2.2400,3.0000
14.01.2014 00:21:22.521,1.47772,1.47572,1.1300,1.8900
14.01.2014 00:21:24.221,1.47773,1.47573,1.2500,2.9000
14.01.2014 00:21:25.649,1.47771,1.47571,1.5700,2.2800
14.01.2014 00:21:26.940,1.47770,1.47570,2.6600,2.5200
14.01.2014 00:21:28.207,1.47769,1.47569,2.3100,1.9700
14.01.2014 00:21:29.526,1.47771,1.47571,2.6100,1.0200
14.01.2014 00:21:30.946,1.47770,1.47570,1.2400,2.8700
14.01.2014 00:21:32.356,1.47772,1.47572,2.8200,2.7000
14.01.2014 00:21:33.757,1.47778,1.47578,1.5000,1.9200
14.01.2014 00:21:35.199,1.47775,1.47575,2.2100,1.5000
14.01.2014 00:21:36.620,1.47778,1.47578,2.3100,2.1200
14.01.2014 00:21:38.140,1.47779,1.47579,2.4200,3.0000
14.01.2014 00:21:39.441,1.47781,1.47581,1.7500,1.4800
14.01.2014 00:21:40.859,1.47782,1.47582,1.6700,2.8400
14.01.2014 00:21:42.177,1.47780,1.47580,2.2600,1.4800
14.01.2014 00:21:43.701,1.47781,1.47581,2.6400,2.9900
14.01.2014 00:21:45.162,1.47783,1.47583,1.1700,2.2400
14.01.2014 00:21:46.510,1.47781,1.47581,2.5900,1.5800
14.01.2014 00:21:48.015,1.47780,1.47580,1.1700,1.1900
14.01.2014 00:21:49.329,1.47781,1.47581,2.0500,2.2800
14.01.2014 00:21:50.572,1.47782,1.47582,1.8500,2.9300
14.01.2014 00:21:52.013,1.47784,1.47584,2.3000,1.8900
14.01.2014 00:21:53.315,1.47785,1.47585,1.7800,2.0700
14.01.2014 00:21:54.725,1.47785,1.47585,2.8400,2.7900
14.01.2014 00:21:56.147,1.47787,1.47587,2.7200,1.9700
14.01.2014 00:21:57.536,1.47786,1.47586,2.7900,1.0600
14.01.2014 00:21:59.045,1.47788,1.47588,1.2300,2.4000
14.01.2014 00:22:00.475,1.47786,1.47586,2.0200,2.5600
14.01.2014 00:22:02.007,1.47786,1.47586,1.0000,1.8000
14.01.2014 00:22:03.300,1.47786,1.47586,2.9500,2.3500
14.01.2014 00:22:04.544,1.47784,1.47584,1.5700,2.5600
14.01.2014 00:22:05.888,1.47785,1.47585,2.7100,2.0700
14.01.2014 00:22:07.322,1.47785,1.47585,1.9000,2.8800
14.01.2014 00:22:08.797,1.47788,1.47588,2.8400,2.2000
14.01.2014 00:22:10.138,1.47788,1.47588,2.6700,1.4500
14.01.2014 00:22:11.515,1.47789,1.47589,2.2500,2.3500
14.01.2014 00:22:12.794,1.47791,1.47591,1.5400,2.5700
14.01.2014 00:22:13.999,1.47793,1.47593,2.5800,2.6100
14.01.2014 00:22:15.319,1.47793,1.47593,2.8900,1.7700
14.01.2014 00:22:16.806,1.47791,1.47591,1.3400,1.7800
14.01.2014 00:22:18.151,1.47794,1.47594,2.9600,2.5900
14.01.2014 00:22:19.597,1.47795,1.47595,2.4900,2.5100
14.01.2014 00:22:21.011,1.47795,1.47595,2.9400,2.2600
14.01.2014 00:22:22.483,1.47797,1.47597,1.2100,2.8800
14.01.2014 00:22:24.086,1.47800,1.47600,2.8100,1.1200
14.01.2014 00:22:25.759,1.47800,1.47600,1.0800,1.1700
14.01.2014 00:22:27.150,1.47802,1.47602,2.0500,1.4400
14.01.2014 00:22:28.583,1.47800,1.47600,2.1400,1.5700
14.01.2014 00:22:30.077,1.47801,1.47601,1.8400,1.3400
14.01.2014 00:22:31.487,1.47802,1.47602,2.8500,2.9300
14.01.2014 00:22:32.876,1.47805,1.47605,1.0300,1.4800
14.01.2014 00:22:34.350,1.47803,1.47603,1.4800,2.5800
14.01.2014 00:22:35.900,1.47802,1.47602,1.8300,1.1500
14.01.2014 00:22:37.343,1.47802,1.47602,2.9900,1.1300
14.01.2014 00:22:38.833,1.47803,1.47603,1.0100,2.8600
14.01.2014 00:22:40.404,1.47804,1.47604,1.1400,1.1200
14.01.2014 00:22:41.662,1.47803,1.47603,1.9300,1.6700
14.01.2014 00:22:43.065,1.47804,1.47604,1.8500,1.8600
14.01.2014 00:22:44.493,1.47802,1.47602,2.8900,1.9500
14.01.2014 00:22:45.878,1.47801,1.47601,2.9000,1.7100
14.01.2014 00:22:47.196,1.47800,1.47600,2.7300,1.5100
14.01.2014 00:22:48.687,1.47800,1.47600,1.6900,1.0700
14.01.2014 00:22:50.174,1.47799,1.47599,2.8100,2.5500
14.01.2014 00:22:51.690,1.47799,1.47599,1.7900,2.9700
14.01.2014 00:22:53.089,1.47801,1.47601,1.2300,2.9300
14.01.2014 00:22:54.434,1.47801,1.47601,1.6900,2.2200
14.01.2014 00:22:55.786,1.47799,1.47599,2.3500,1.2500
14.01.2014 00:22:57.190,1.47799,1.47599,2.3500,2.0300
14.01.2014 00:22:58.514,1.47799,1.47599,1.4100,2.1900
14.01.2014 00:22:59.779,1.47797,1.47597,2.3200,1.4300
14.01.2014 00:23:01.301,1.47800,1.47600,2.2600,1.4400
14.01.2014 00:23:02.789,1.47801,1.47601,2.3600,2.1400
14.01.2014 00:23:04.162,1.47802,1.47602,2.9800,2.1600
14.01.2014 00:23:05.515,1.47801,1.47601,2.4400,2.3400
14.01.2014 00:23:06.974,1.47802,1.47602,2.0600,1.2000
14.01.2014 00:23:08.330,1.47801,1.47601,1.1500,2.2800
14.01.2014 00:23:09.631,1.47799,1.47599,1.6400,2.1100
14.01.2014 00:23:10.955,1.47798,1.47598,1.2900,1.6900
14.01.2014 00:23:12.442,1.47797,1.47597,2.6000,1.1300
14.01.2014 00:23:13.841,1.47796,1.47596,1.0800,2.8700
14.01.2014 00:23:15.174,1.47794,1.47594,2.3300,2.4300
14.01.2014 00:23:16.676,1.47793,1.47593,1.3700,1.1200
14.01.2014 00:23:17.959,1.47794,1.47594,2.1400,2.6200
14.01.2014 00:23:19.593,1.47792,1.47592,1.1600,1.9900
14.01.2014 00:23:21.017,1.47794,1.47594,1.4900,1.9100
14.01.2014 00:23:22.422,1.47795,1.47595,1.6700,2.4200
14.01.2014 00:23:23.722,1.47795,1.47595,1.5000,1.2300
14.01.2014 00:23:25.015,1.47795,1.47595,1.5200,2.0900
14.01.2014 00:23:26.477,1.47797,1.47597,2.0900,1.2300
14.01.2014 00:23:27.827,1.47798,1.47598,1.3000,1.5200
14.01.2014 00:23:29.177,1.47798,1.47598,2.8300,2.9900
14.01.2014 00:23:30.628,1.47799,1.47599,2.6500,1.1600
14.01.2014 00:23:32.016,1.47800,1.47600,1.7900,2.4400
14.01.2014 00:23:33.624,1.47801,1.47601,2.3000,2.3600
14.01.2014 00:23:35.035,1.47799,1.47599,1.5200,1.7000
14.01.2014 00:23:36.579,1.47797,1.47597,2.7600,2.7100
14.01.2014 00:23:37.993,1.47795,1.47595,1.3500,1.9000
14.01.2014 00:23:39.283,1.47797,1.47597,1.4400,2.0500
14.01.2014 00:23:40.533,1.47797,1.47597,1.5000,1.6600
14.01.2014 00:23:41.981,1.47797,1.47597,2.6800,2.0500
14.01.2014 00:23:43.544,1.47793,1.47593,2.3100,2.2500
14.01.2014 00:23:44.944,1.47795,1.47595,2.8000,2.5000
14.01.2014 00:23:46.527,1.47792,1.47592,1.0600,2.4900
14.01.2014 00:23:47.977,1.47793,1.47593,2.7200,1.2400
14.01.2014 00:23:49.462,1.47793,1.47593,2.0300,2.1200
14.01.2014 00:23:50.784,1.47794,1.47594,2.5600,1.4700
14.01.2014 00:23:52.207,1.47793,1.47593,1.0900,2.3200
14.01.2014 00:23:53.597,1.47793,1.47593,1.0300,1.9400
14.01.2014 00:23:54.791,1.47792,1.47592,1.6500,2.0900
14.01.2014 00:23:56.231,1.47791,1.47591,1.9200,2.0100
14.01.2014 00:23:57.574,1.47792,1.47592,1.9400,2.7400
14.01.2014 00:23:59.056,1.47791,1.47591,1.4100,1.9400
14.01.2014 00:24:00.544,1.47792,1.47592,2.7000,1.5900
14.01.2014 00:24:01.830,1.47790,1.47590,2.0600,1.8900
14.01.2014 00:24:03.226,1.47792,1.47592,1.7900,2.7300
14.01.2014 00:24:04.574,1.47790,1.47590,1.1800,2.5800
14.01.2014 00:24:06.119,1.47792,1.47592,2.3900,1.4600
14.01.2014 00:24:07.623,1.47792,1.47592,2.3300,2.5100
14.01.2014 00:24:09.022,1.47791,1.47591,2.2300,1.9200
14.01.2014 00:24:10.506,1.47789,1.47589,1.6200,2.9500
14.01.2014 00:24:11.894,1.47790,1.47590,2.7400,2.3500
14.01.2014 00:24:13.337,1.47789,1.47589,1.8300,2.7600
14.01.2014 00:24:14.782,1.47786,1.47586,1.2500,2.4800
14.01.2014 00:24:16.111,1.47786,1.47586,2.4900,2.4800
14.01.2014 00:24:17.732,1.47784,1.47584,1.4500,2.6600
14.01.2014 00:24:18.996,1.47788,1.47588,1.9600,1.5300
14.01.2014 00:24:20.390,1.47785,1.47585,1.9000,2.9000
14.01.2014 00:24:21.828,1.47784,1.47584,2.2600,1.9500
14.01.2014 00:24:23.092,1.47784,1.47584,1.2900,2.0000
14.01.2014 00:24:24.522,1.47782,1.47582,1.4500,1.2600
14.01.2014 00:24:25.948,1.47780,1.47580,1.2300,1.0900
14.01.2014 00:24:27.457,1.47777,1.47577,2.8900,1.8100
14.01.2014 00:24:28.719,1.47777,1.47577,2.8500,1.1300
14.01.2014 00:24:30.255,1.47776,1.47576,1.1300,2.0200
14.01.2014 00:24:31.632,1.47778,1.47578,2.2700,2.9800
14.01.2014 00:24:33.064,1.47777,1.47577,2.0900,1.9200
14.01.2014 00:24:34.479,1.47778,1.47578,1.1600,2.7200
14.01.2014 00:24:35.869,1.47778,1.47578,2.2800,1.5400
14.01.2014 00:24:37.261,1.47776,1.47576,2.8200,1.0600
14.01.2014 00:24:38.636,1.47776,1.47576,1.6800,1.4200
14.01.2014 00:24:40.038,1.47777,1.47577,2.6400,2.1800
14.01.2014 00:24:41.432,1.47780,1.47580,1.3400,2.9900
14.01.2014 00:24:42.998,1.47778,1.47578,1.0500,2.9100
14.01.2014 00:24:44.314,1.47776,1.47576,1.3200,2.7800
14.01.2014 00:24:45.721,1.47778,1.47578,1.6600,1.9100
14.01.2014 00:24:47.137,1.47778,1.47578,1.9100,2.7900
14.01.2014 00:24:48.592,1.47781,1.47581,1.5500,1.8800
14.01.2014 00:24:49.980,1.47782,1.47582,2.5100,1.0800
14.01.2014 00:24:51.358,1.47785,1.47585,1.0000,1.1500
14.01.2014 00:24:52.836,1.47784,1.47584,2.7100,1.5900
14.01.2014 00:24:54.331,1.47784,1.47584,1.6800,2.3200
14.01.2014 00:24:55.681,1.47784,1.47584,2.5200,1.4400
14.01.2014 00:24:57.008,1.47785,1.47585,1.9600,2.2800
14.01.2014 00:24:58.534,1.47782,1.47582,1.0500,2.1400
14.01.2014 00:24:59.999,1.47787,1.47587,2.0100,1.9100
14.01.2014 00:25:01.415,1.47788,1.47588,2.6600,2.3900
14.01.2014 00:25:02.763,1.47788,1.47588,1.9200,1.9700
14.01.2014 00:25:04.279,1.47788,1.47588,2.1100,2.3100
14.01.2014 00:25:05.630,1.47787,1.47587,2.0700,2.7100
14.01.2014 00:25:06.942,1.47786,1.47586,2.8000,1.3100
14.01.2014 00:25:08.527,1.47785,1.47585,1.5100,1.8900
14.01.2014 00:25:09.870,1.47783,1.47583,2.8700,1.4400
14.01.2014 00:25:11.253,1.47780,1.47580,2.3700,2.6500
14.01.2014 00:25:12.579,1.47777,1.47577,1.4700,2.3900
14.01.2014 00:25:13.810,1.47775,1.47575,1.2100,1.2700
14.01.2014 00:25:15.225,1.47777,1.47577,2.3800,2.6600
14.01.2014 00:25:16.692,1.47778,1.47578,2.4200,1.5000
14.01.2014 00:25:18.087,1.47781,1.47581,2.3300,2.9500
14.01.2014 00:25:19.449,1.47782,1.47582,2.7000,2.7100
14.01.2014 00:25:20.885,1.47782,1.47582,1.1000,2.9800
14.01.2014 00:25:22.240,1.47779,1.47579,2.0000,1.4700
14.01.2014 00:25:23.639,1.47779,1.47579,2.8000,2.9100
14.01.2014 00:25:25.195,1.47782,1.47582,2.2700,1.0400
14.01.2014 00:25:26.642,1.47781,1.47581,2.7400,1.8100
14.01.2014 00:25:27.982,1.47779,1.47579,1.3600,2.9800
14.01.2014 00:25:29.329,1.47780,1.47580,2.2100,2.4400
14.01.2014 00:25:30.641,1.47781,1.47581,1.0100,2.8800
14.01.2014 00:25:32.005,1.47782,1.47582,2.8000,2.2300
14.01.2014 00:25:33.558,1.47778,1.47578,2.9600,1.0900
14.01.2014 00:25:34.988,1.47779,1.47579,2.1100,2.7600
14.01.2014 00:25:36.312,1.47778,1.47578,2.3900,1.0400
14.01.2014 00:25:37.619,1.47776,1.47576,2.6900,2.1200
14.01.2014 00:25:39.021,1.47777,1.47577,2.2300,2.3500
14.01.2014 00:25:40.324,1.47777,1.47577,2.9900,2.0600
14.01.2014 00:25:41.808,1.47778,1.47578,2.3400,2.4700
14.01.2014 00:25:43.164,1.47780,1.47580,2.9200,2.8000
14.01.2014 00:25:44.490,1.47781,1.47581,2.8700,2.6700
14.01.2014 00:25:45.807,1.47782,1.47582,2.8500,2.4800
14.01.2014 00:25:47.304,1.47779,1.47579,2.4700,1.8900
14.01.2014 00:25:48.653,1.47776,1.47576,1.0800,2.8500
14.01.2014 00:25:50.071,1.47772,1.47572,1.0400,2.9100
14.01.2014 00:25:51.713,1.47768,1.47568,2.1000,2.4200
14.01.2014 00:25:53.162,1.47769,1.47569,2.8600,2.0000
14.01.2014 00:25:54.639,1.47770,1.47570,1.9700,2.9900
14.01.2014 00:25:55.944,1.47769,1.47569,2.3500,2.9000
14.01.2014 00:25:57.402,1.47766,1.47566,2.5900,2.1700
14.01.2014 00:25:58.850,1.47765,1.47565,1.4500,1.6900
14.01.2014 00:26:00.065,1.47766,1.47566,1.5100,2.8600
14.01.2014 00:26:01.452,1.47768,1.47568,2.8600,2.9500
14.01.2014 00:26:02.844,1.47770,1.47570,2.7200,2.5600
14.01.2014 00:26:04.258,1.47770,1.47570,2.8100,1.0500
14.01.2014 00:26:05.585,1.47769,1.47569,2.8900,1.1400
14.01.2014 00:26:06.868,1.47769,1.47569,2.1800,1.4200
14.01.2014 00:26:08.438,1.47775,1.47575,2.5400,2.6200
14.01.2014 00:26:09.858,1.47775,1.47575,2.4600,2.9700
14.01.2014 00:26:11.154,1.47774,1.47574,1.8100,1.0800
14.01.2014 00:26:12.404,1.47775,1.47575,1.0800,1.5900
14.01.2014 00:26:13.751,1.47775,1.47575,1.0300,1.3200
14.01.2014 00:26:15.157,1.47773,1.47573,1.6500,2.9100
14.01.2014 00:26:16.484,1.47773,1.47573,1.7100,1.3100
14.01.2014 00:26:17.835,1.47773,1.47573,1.8000,2.2500
14.01.2014 00:26:19.187,1.47774,1.47574,2.2600,1.4000
14.01.2014 00:26:20.665,1.47773,1.47573,1.9000,2.4100
14.01.2014 00:26:22.067,1.47774,1.47574,2.1500,1.1600
14.01.2014 00:26:23.580,1.47774,1.47574,2.8000,2.1200
14.01.2014 00:26:25.053,1.47773,1.47573,1.0300,1.0400
14.01.2014 00:26:26.504,1.47773,1.47573,1.0500,2.3200
14.01.2014 00:26:27.750,1.47773,1.47573,2.5900,2.9400
14.01.2014 00:26:29.162,1.47772,1.47572,2.5000,1.2000
14.01.2014 00:26:30.502,1.47773,1.47573,2.2300,1.8000
14.01.2014 00:26:31.919,1.47774,1.47574,2.0600,2.8700
14.01.2014 00:26:33.300,1.47777,1.47577,2.5400,2.1800
14.01.2014 00:26:34.537,1.47778,1.47578,2.4600,2.5600
14.01.2014 00:26:36.196,1.47778,1.47578,1.6000,2.5500
14.01.2014 00:26:37.559,1.47777,1.47577,1.4500,1.9300
14.01.2014 00:26:39.107,1.47776,1.47576,1.1800,1.5900
14.01.2014 00:26:40.638,1.47775,1.47575,2.1900,1.1600
14.01.2014 00:26:42.065,1.47774,1.47574,2.2000,1.8200
14.01.2014 00:26:43.553,1.47773,1.47573,1.6900,2.0300
14.01.2014 00:26:45.088,1.47774,1.47574,2.8400,1.1400
14.01.2014 00:26:46.479,1.47777,1.47577,1.8800,1.8000
14.01.2014 00:26:47.871,1.47778,1.47578,2.2800,1.1600
14.01.2014 00:26:49.258,1.47781,1.47581,1.5500,2.0500
14.01.2014 00:26:50.584,1.47782,1.47582,1.4200,2.5400
14.01.2014 00:26:51.916,1.47784,1.47584,2.0400,2.9200
14.01.2014 00:26:53.136,1.47784,1.47584,2.2400,1.0100
14.01.2014 00:26:54.726,1.47781,1.47581,2.6200,1.4100
14.01.2014 00:26:56.077,1.47783,1.47583,2.7100,2.7900
14.01.2014 00:26:57.351,1.47784,1.47584,1.5400,2.9500
14.01.2014 00:26:58.696,1.47784,1.47584,1.3000,1.7000
14.01.2014 00:27:00.086,1.47785,1.47585,2.0300,2.3100
14.01.2014 00:27:01.392,1.47784,1.47584,2.8800,2.2700
14.01.2014 00:27:02.758,1.47784,1.47584,2.5900,2.7300
14.01.2014 00:27:04.173,1.47786,1.47586,1.6900,1.9800
14.01.2014 00:27:05.399,1.47787,1.47587,1.9600,1.6800
14.01.2014 00:27:06.902,1.47785,1.47585,1.2600,2.0300
14.01.2014 00:27:08.088,1.47785,1.47585,2.0900,2.7000
14.01.2014 00:27:09.550,1.47783,1.47583,1.3600,1.7100
14.01.2014 00:27:10.713,1.47783,1.47583,1.2000,1.4300
14.01.2014 00:27:12.160,1.47784,1.47584,2.8700,1.8900
14.01.2014 00:27:13.565,1.47783,1.47583,1.9000,1.9700
14.01.2014 00:27:15.031,1.47785,1.47585,2.3000,2.7200
14.01.2014 00:27:16.468,1.47785,1.47585,1.9100,1.0500
14.01.2014 00:27:17.784,1.47782,1.47582,1.4700,2.4800
14.01.2014 00:27:19.081,1.47784,1.47584,2.1300,1.7300
14.01.2014 00:27:20.447,1.47783,1.47583,1.4100,1.2900
14.01.2014 00:27:21.793,1.47784,1.47584,1.8000,1.2900
14.01.2014 00:27:23.259,1.47783,1.47583,1.4900,1.6700
14.01.2014 00:27:24.656,1.47785,1.47585,2.7600,2.8000
14.01.2014 00:27:26.217,1.47783,1.47583,1.8500,1.5400
14.01.2014 00:27:27.749,1.47784,1.47584,2.0800,1.2200
14.01.2014 00:27:29.005,1.47785,1.47585,1.6100,1.9800
14.01.2014 00:27:30.415,1.47785,1.47585,2.9300,2.5400
14.01.2014 00:27:31.660,1.47786,1.47586,1.8600,1.8000
14.01.2014 00:27:33.185,1.47783,1.47583,1.1400,1.6900
14.01.2014 00:27:34.645,1.47785,1.47585,1.4400,2.5500
14.01.2014 00:27:35.875,1.47784,1.47584,2.6800,2.8100
14.01.2014 00:27:37.374,1.47785,1.47585,2.1100,2.3100
14.01.2014 00:27:38.728,1.47784,1.47584,1.7500,2.3800
14.01.2014 00:27:40.198,1.47787,1.47587,1.9100,1.2400
14.01.2014 00:27:41.523,1.47787,1.47587,1.8100,2.4800
14.01.2014 00:27:42.734,1.47788,1.47588,2.2300,2.2200
14.01.2014 00:27:44.172,1.47789,1.47589,2.9800,1.4800
14.01.2014 00:27:45.642,1.47789,1.47589,2.8200,1.1600
14.01.2014 00:27:47.001,1.47790,1.47590,2.5800,1.5600
14.01.2014 00:27:48.559,1.47789,1.47589,1.1400,1.4000
14.01.2014 00:27:49.846,1.47790,1.47590,2.6000,1.9400
14.01.2014 00:27:51.236,1.47790,1.47590,2.1700,1.3900
14.01.2014 00:27:52.653,1.47790,1.47590,2.2500,2.5400
14.01.2014 00:27:54.164,1.47791,1.47591,1.3900,2.0900
14.01.2014 00:27:55.602,1.47788,1.47588,2.1300,1.1500
14.01.2014 00:27:57.124,1.47788,1.47588,1.9300,1.4700
14.01.2014 00:27:58.394,1.47786,1.47586,1.9700,1.0700
14.01.2014 00:27:59.911,1.47784,1.47584,1.0100,2.8500
14.01.2014 00:28:01.354,1.47783,1.47583,2.1900,1.7200
14.01.2014 00:28:02.786,1.47785,1.47585,2.2600,1.9100
14.01.2014 00:28:04.129,1.47785,1.47585,2.2200,1.0300
14.01.2014 00:28:05.599,1.47787,1.47587,1.5600,2.9800
14.01.2014 00:28:06.855,1.47791,1.47591,2.1800,1.6700
14.01.2014 00:28:08.202,1.47791,1.47591,2.8800,2.3300
14.01.2014 00:28:09.408,1.47790,1.47590,2.0400,1.4000
14.01.2014 00:28:10.809,1.47794,1.47594,1.0900,1.9000
14.01.2014 00:28:12.320,1.47794,1.47594,2.7000,1.5100
14.01.2014 00:28:13.710,1.47794,1.47594,2.3900,2.5000
14.01.2014 00:28:15.255,1.47793,1.47593,2.3000,2.1400
14.01.2014 00:28:16.798,1.47795,1.47595,2.4700,2.2300
14.01.2014 00:28:18.008,1.47795,1.47595,1.8300,2.4900
14.01.2014 00:28:19.235,1.47794,1.47594,1.4300,2.2700
14.01.2014 00:28:20.546,1.47796,1.47596,2.2100,1.9500
14.01.2014 00:28:21.919,1.47793,1.47593,1.2500,2.8100
14.01.2014 00:28:23.278,1.47793,1.47593,1.3400,2.3000
14.01.2014 00:28:24.618,1.47794,1.47594,2.7300,1.2700
14.01.2014 00:28:26.090,1.47792,1.47592,1.5500,2.6500
14.01.2014 00:28:27.450,1.47789,1.47589,1.3100,1.0600
14.01.2014 00:28:28.839,1.47790,1.47590,1.2700,2.3700
14.01.2014 00:28:30.303,1.47790,1.47590,2.7500,2.8400
14.01.2014 00:28:31.796,1.47790,1.47590,1.2000,2.5000
14.01.2014 00:28:33.087,1.47789,1.47589,2.7900,1.3500
14.01.2014 00:28:34.510,1.47789,1.47589,2.8800,2.7900
14.01.2014 00:28:35.940,1.47788,1.47588,1.9600,2.0300
14.01.2014 00:28:37.448,1.47785,1.47585,1.7100,2.4000
14.01.2014 00:28:38.829,1.47787,1.47587,2.1300,1.1300
14.01.2014 00:28:40.255,1.47788,1.47588,2.6100,2.9900
14.01.2014 00:28:41.674,1.47785,1.47585,1.0800,2.1800
14.01.2014 00:28:43.032,1.47783,1.47583,1.2500,2.1100
14.01.2014 00:28:44.515,1.47785,1.47585,2.1500,2.8300
14.01.2014 00:28:45.891,1.47790,1.47590,1.4800,2.8300
14.01.2014 00:28:47.261,1.47792,1.47592,2.3300,1.4300
14.01.2014 00:28:48.494,1.47794,1.47594,2.4800,1.2200
14.01.2014 00:28:49.997,1.47796,1.47596,1.4500,1.1000
14.01.2014 00:28:51.478,1.47796,1.47596,2.2100,2.1700
14.01.2014 00:28:52.981,1.47796,1.47596,2.4600,1.2900
14.01.2014 00:28:54.283,1.47797,1.47597,2.1200,2.9100
14.01.2014 00:28:55.640,1.47796,1.47596,2.8900,1.6500
14.01.2014 00:28:56.967,1.47795,1.47595,2.2200,1.0900
14.01.2014 00:28:58.255,1.47799,1.47599,1.0200,2.7700
14.01.2014 00:28:59.636,1.47800,1.47600,2.3100,2.4800
14.01.2014 00:29:01.129,1.47801,1.47601,2.2600,1.3100
14.01.2014 00:29:02.512,1.47800,1.47600,2.8600,1.2700
14.01.2014 00:29:03.783,1.47801,1.47601,1.9200,1.1400
14.01.2014 00:29:05.267,1.47802,1.47602,1.8000,1.0200
14.01.2014 00:29:06.697,1.47805,1.47605,2.6300,2.1100
14.01.2014 00:29:08.097,1.47804,1.47604,1.2400,1.0200
14.01.2014 00:29:09.536,1.47805,1.47605,2.9500,1.5900
14.01.2014 00:29:10.965,1.47805,1.47605,1.9400,1.3400
14.01.2014 00:29:12.269,1.47806,1.47606,2.8500,2.3000
14.01.2014 00:29:13.695,1.47808,1.47608,1.5100,1.8700
14.01.2014 00:29:15.057,1.47810,1.47610,1.7200,2.8800
14.01.2014 00:29:16.489,1.47809,1.47609,2.1400,1.9800
14.01.2014 00:29:17.767,1.47811,1.47611,1.4500,2.2800
14.01.2014 00:29:18.992,1.47810,1.47610,2.9700,1.1200
14.01.2014 00:29:20.422,1.47810,1.47610,1.4100,2.6200
14.01.2014 00:29:21.773,1.47808,1.47608,2.0500,2.0100
14.01.2014 00:29:23.197,1.47807,1.47607,2.0100,2.2200
14.01.2014 00:29:24.837,1.47805,1.47605,2.4000,1.3000
14.01.2014 00:29:26.191,1.47806,1.47606,2.0100,2.3600
14.01.2014 00:29:27.731,1.47807,1.47607,2.2800,2.0900
14.01.2014 00:29:29.272,1.47809,1.47609,1.0900,1.3300
14.01.2014 00:29:30.723,1.47811,1.47611,1.9600,2.3200
14.01.2014 00:29:31.968,1.47811,1.47611,2.8600,1.0900
14.01.2014 00:29:33.422,1.47809,1.47609,2.1600,1.5700
14.01.2014 00:29:34.784,1.47804,1.47604,1.4800,2.3600
14.01.2014 00:29:36.241,1.47804,1.47604,1.1400,1.2200
14.01.2014 00:29:37.689,1.47801,1.47601,2.3800,2.5200
14.01.2014 00:29:39.015,1.47804,1.47604,1.2600,2.6500
14.01.2014 00:29:40.356,1.47801,1.47601,1.0800,2.7500
14.01.2014 00:29:41.694,1.47801,1.47601,2.8100,2.5200
14.01.2014 00:29:43.068,1.47800,1.47600,1.9800,2.7100
14.01.2014 00:29:44.536,1.47800,1.47600,1.5000,1.4200
14.01.2014 00:29:45.978,1.47802,1.47602,2.3600,2.0800
14.01.2014 00:29:47.406,1.47802,1.47602,1.1500,2.6100
14.01.2014 00:29:48.800,1.47801,1.47601,2.9900,1.8000
14.01.2014 00:29:50.111,1.47803,1.47603,2.6800,2.8100
14.01.2014 00:29:51.578,1.47805,1.47605,1.9400,1.4500
14.01.2014 00:29:52.854,1.47802,1.47602,1.2400,1.1900
14.01.2014 00:29:54.174,1.47800,1.47600,2.9200,1.4100
14.01.2014 00:29:55.556,1.47801,1.47601,2.7100,1.2400
14.01.2014 00:29:56.878,1.47799,1.47599,2.1200,2.9100
14.01.2014 00:29:58.138,1.47800,1.47600,1.1300,1.6400
14.01.2014 00:29:59.553,1.47803,1.47603,1.8400,2.8500
14.01.2014 00:30:01.033,1.47802,1.47602,2.4000,2.9300
14.01.2014 00:30:02.278,1.47799,1.47599,1.7200,2.4700
14.01.2014 00:30:03.718,1.47796,1.47596,2.9800,1.6900
14.01.2014 00:30:05.106,1.47797,1.47597,2.7500,2.4300
14.01.2014 00:30:06.651,1.47799,1.47599,1.4800,1.3600
14.01.2014 00:30:08.053,1.47799,1.47599,1.0500,1.2600
14.01.2014 00:30:09.492,1.47798,1.47598,2.2700,2.1100
14.01.2014 00:30:11.173,1.47798,1.47598,2.5000,1.1800
14.01.2014 00:30:12.593,1.47799,1.47599,1.2600,1.4800
14.01.2014 00:30:13.937,1.47799,1.47599,2.8000,2.3300
14.01.2014 00:30:15.330,1.47798,1.47598,1.6700,1.7500
14.01.2014 00:30:16.725,1.47799,1.47599,2.4600,2.7500
14.01.2014 00:30:18.072,1.47801,1.47601,1.6000,2.5900
14.01.2014 00:30:19.453,1.47802,1.47602,2.9200,1.7300
14.01.2014 00:30:20.926,1.47804,1.47604,2.3500,1.4700
14.01.2014 00:30:22.196,1.47804,1.47604,1.0200,1.2300
14.01.2014 00:30:23.641,1.47804,1.47604,1.1100,1.3000
14.01.2014 00:30:25.075,1.47801,1.47601,1.5100,2.4700
14.01.2014 00:30:26.381,1.47801,1.47601,2.9200,2.1700
14.01.2014 00:30:27.740,1.47801,1.47601,2.2700,1.1300
14.01.2014 00:30:29.215,1.47799,1.47599,1.2900,2.4600
14.01.2014 00:30:30.628,1.47801,1.47601,2.6900,1.1700
14.01.2014 00:30:32.037,1.47801,1.47601,2.3100,1.2700
14.01.2014 00:30:33.503,1.47800,1.47600,2.6700,2.3200
14.01.2014 00:30:34.930,1.47798,1.47598,1.4500,2.2000
14.01.2014 00:30:36.210,1.47799,1.47599,2.6800,2.9900
14.01.2014 00:30:37.497,1.47803,1.47603,2.2800,2.0200
14.01.2014 00:30:38.925,1.47805,1.47605,1.0400,2.8400
14.01.2014 00:30:40.372,1.47805,1.47605,2.4400,1.6900
14.01.2014 00:30:41.670,1.47804,1.47604,2.8100,1.6500
14.01.2014 00:30:43.178,1.47803,1.47603,1.5200,2.5000
14.01.2014 00:30:44.558,1.47807,1.47607,2.1700,2.9700
14.01.2014 00:30:45.880,1.47808,1.47608,2.4700,1.7700
14.01.2014 00:30:47.160,1.47808,1.47608,2.5600,2.7500
14.01.2014 00:30:48.756,1.47810,1.47610,1.6500,1.5400
14.01.2014 00:30:50.071,1.47808,1.47608,2.2000,2.5000
14.01.2014 00:30:51.525,1.47809,1.47609,1.9500,2.8300
14.01.2014 00:30:52.985,1.47812,1.47612,2.4000,2.0600
14.01.2014 00:30:54.480,1.47812,1.47612,2.6600,1.7300
14.01.2014 00:30:55.958,1.47813,1.47613,1.8100,2.6200
14.01.2014 00:30:57.356,1.47813,1.47613,1.4600,1.6000
14.01.2014 00:30:58.707,1.47813,1.47613,1.5300,1.2800
14.01.2014 00:30:59.890,1.47814,1.47614,1.1300,1.3900
14.01.2014 00:31:01.305,1.47813,1.47613,1.1700,2.7000
14.01.2014 00:31:02.411,1.47817,1.47617,2.5500,2.0300
14.01.2014 00:31:03.853,1.47815,1.47615,2.9900,2.2800
14.01.2014 00:31:05.079,1.47816,1.47616,1.8500,1.7100
14.01.2014 00:31:06.424,1.47820,1.47620,2.7200,1.3300
14.01.2014 00:31:07.839,1.47822,1.47622,1.6900,1.5300
14.01.2014 00:31:09.378,1.47823,1.47623,1.3300,1.0100
14.01.2014 00:31:10.551,1.47823,1.47623,2.6300,1.4900
14.01.2014 00:31:11.867,1.47821,1.47621,1.0200,2.1500
14.01.2014 00:31:13.364,1.47819,1.47619,1.6100,1.8600
14.01.2014 00:31:14.809,1.47816,1.47616,1.6400,1.6800
14.01.2014 00:31:16.018,1.47817,1.47617,1.5500,1.3000
14.01.2014 00:31:17.152,1.47816,1.47616,2.9400,2.6500
14.01.2014 00:31:18.573,1.47816,1.47616,2.9600,2.5600
14.01.2014 00:31:19.954,1.47815,1.47615,2.5300,1.4100
14.01.2014 00:31:21.330,1.47816,1.47616,1.0100,2.4800
14.01.2014 00:31:22.777,1.47815,1.47615,1.4700,2.8400
14.01.2014 00:31:24.176,1.47813,1.47613,2.6000,2.4300
14.01.2014 00:31:25.476,1.47811,1.47611,2.8100,1.9000
14.01.2014 00:31:27.015,1.47810,1.47610,1.8700,1.4400
14.01.2014 00:31:28.325,1.47812,1.47612,2.0100,2.4600
14.01.2014 00:31:29.764,1.47812,1.47612,1.9000,1.4500
14.01.2014 00:31:31.017,1.47813,1.47613,2.5100,1.9300
14.01.2014 00:31:32.401,1.47808,1.47608,2.9700,2.2400
14.01.2014 00:31:33.760,1.47806,1.47606,2.5400,2.1000
14.01.2014 00:31:35.134,1.47808,1.47608,1.0600,1.4400
14.01.2014 00:31:36.548,1.47809,1.47609,2.5100,1.0800
14.01.2014 00:31:37.899,1.47811,1.47611,1.2900,1.2600
14.01.2014 00:31:39.313,1.47810,1.47610,1.4300,1.6200
14.01.2014 00:31:40.537,1.47809,1.47609,2.8000,2.7700
14.01.2014 00:31:41.965,1.47812,1.47612,1.6700,1.0600
14.01.2014 00:31:43.472,1.47810,1.47610,2.6500,2.2300
14.01.2014 00:31:44.843,1.47811,1.47611,2.0600,1.7200
14.01.2014 00:31:46.391,1.47810,1.47610,2.6600,2.4200
14.01.2014 00:31:47.890,1.47812,1.47612,2.1000,1.3100
14.01.2014 00:31:49.185,1.47813,1.47613,2.9300,1.5500
14.01.2014 00:31:50.589,1.47812,1.47612,1.6900,1.7700
14.01.2014 00:31:52.051,1.47814,1.47614,1.3600,1.6700
14.01.2014 00:31:53.296,1.47813,1.47613,2.5900,2.1200
14.01.2014 00:31:54.540,1.47813,1.47613,1.3500,2.5200
14.01.2014 00:31:55.707,1.47814,1.47614,1.2900,2.2700
14.01.2014 00:31:57.224,1.47813,1.47613,1.5400,2.8800
14.01.2014 00:31:58.646,1.47815,1.47615,2.2600,2.2800
14.01.2014 00:32:00.121,1.47817,1.47617,2.1600,2.1200
14.01.2014 00:32:01.606,1.47817,1.47617,1.7800,1.1800
14.01.2014 00:32:02.953,1.47815,1.47615,1.1800,1.1900
14.01.2014 00:32:04.368,1.47818,1.47618,2.8600,2.2400
14.01.2014 00:32:05.805,1.47817,1.47617,2.1400,1.6500
14.01.2014 00:32:07.250,1.47819,1.47619,1.7300,2.2400
14.01.2014 00:32:08.633,1.47819,1.47619,1.3300,1.7300
14.01.2014 00:32:09.797,1.47821,1.47621,2.0900,2.2200
14.01.2014 00:32:11.075,1.47821,1.47621,1.3500,1.1700
14.01.2014 00:32:12.480,1.47821,1.47621,2.9200,2.7300
14.01.2014 00:32:13.946,1.47823,1.47623,2.7100,2.8200
14.01.2014 00:32:15.408,1.47822,1.47622,2.0700,2.7000
14.01.2014 00:32:16.812,1.47820,1.47620,1.6400,1.9300
14.01.2014 00:32:18.215,1.47820,1.47620,1.9800,1.2200
14.01.2014 00:32:19.482,1.47822,1.47622,1.1400,2.8800
14.01.2014 00:32:20.734,1.47821,1.47621,1.3200,2.0100
14.01.2014 00:32:22.190,1.47821,1.47621,2.8000,2.0000
14.01.2014 00:32:23.828,1.47821,1.47621,1.8400,1.2200
14.01.2014 00:32:25.025,1.47819,1.47619,2.7900,2.1800
14.01.2014 00:32:26.563,1.47821,1.47621,2.4700,2.6600
14.01.2014 00:32:28.040,1.47819,1.47619,2.2200,2.4700
14.01.2014 00:32:29.428,1.47817,1.47617,2.8500,1.3200
14.01.2014 00:32:30.919,1.47818,1.47618,1.0300,2.0300
14.01.2014 00:32:32.312,1.47819,1.47619,1.9000,1.9600
14.01.2014 00:32:33.888,1.47817,1.47617,1.0900,2.5100
14.01.2014 00:32:35.408,1.47817,1.47617,2.8200,1.9700
14.01.2014 00:32:36.762,1.47817,1.47617,2.4200,2.2800
14.01.2014 00:32:38.236,1.47820,1.47620,2.8500,2.6000
14.01.2014 00:32:39.669,1.47815,1.47615,1.1000,2.6300
14.01.2014 00:32:41.021,1.47814,1.47614,1.1900,1.8200
14.01.2014 00:32:42.455,1.47813,1.47613,2.8600,2.7500
14.01.2014 00:32:43.802,1.47813,1.47613,2.9300,2.9800
14.01.2014 00:32:45.073,1.47814,1.47614,1.2200,2.2000
14.01.2014 00:32:46.335,1.47814,1.47614,1.3400,1.5900
14.01.2014 00:32:47.695,1.47813,1.47613,1.2100,1.3100
14.01.2014 00:32:49.300,1.47816,1.47616,1.7500,2.1700
14.01.2014 00:32:50.611,1.47816,1.47616,2.3400,2.2300
14.01.2014 00:32:52.136,1.47815,1.47615,2.9300,1.1200
14.01.2014 00:32:53.369,1.47815,1.47615,1.5900,2.5200
14.01.2014 00:32:54.983,1.47817,1.47617,2.8300,2.6000
14.01.2014 00:32:56.432,1.47816,1.47616,1.2500,2.4500
14.01.2014 00:32:57.862,1.47816,1.47616,2.9000,1.4200
14.01.2014 00:32:59.124,1.47816,1.47616,1.6600,2.3500
14.01.2014 00:33:00.493,1.47816,1.47616,1.2500,1.9900
14.01.2014 00:33:01.802,1.47815,1.47615,2.1900,1.6100
14.01.2014 00:33:03.036,1.47815,1.47615,2.0800,2.2900
14.01.2014 00:33:04.399,1.47816,1.47616,1.3600,1.0100
14.01.2014 00:33:05.788,1.47818,1.47618,2.1700,2.7900
14.01.2014 00:33:07.205,1.47818,1.47618,1.1000,2.8800
14.01.2014 00:33:08.618,1.47820,1.47620,2.3000,1.5500
14.01.2014 00:33:10.065,1.47819,1.47619,1.5500,2.7100
14.01.2014 00:33:11.641,1.47815,1.47615,2.6300,1.3100
14.01.2014 00:33:13.208,1.47815,1.47615,2.0400,2.9700
14.01.2014 00:33:14.653,1.47816,1.47616,2.7000,1.5200
14.01.2014 00:33:16.005,1.47815,1.47615,2.9800,2.7400
14.01.2014 00:33:17.476,1.47813,1.47613,1.9300,1.9400
14.01.2014 00:33:19.019,1.47813,1.47613,2.7800,1.6000
14.01.2014 00:33:20.500,1.47813,1.47613,2.1900,1.8300
14.01.2014 00:33:21.883,1.47811,1.47611,2.0900,2.1100
14.01.2014 00:33:23.313,1.47813,1.47613,2.8600,2.7800
14.01.2014 00:33:24.560,1.47812,1.47612,1.7800,1.0800
14.01.2014 00:33:26.004,1.47815,1.47615,1.7200,2.9600
14.01.2014 00:33:27.372,1.47815,1.47615,2.1200,1.4900
14.01.2014 00:33:28.903,1.47817,1.47617,1.3300,2.0400
14.01.2014 00:33:30.141,1.47817,1.47617,1.9400,1.9700
14.01.2014 00:33:31.574,1.47815,1.47615,2.2200,1.2800
14.01.2014 00:33:32.825,1.47815,1.47615,1.7000,2.9800
14.01.2014 00:33:34.402,1.47815,1.47615,1.9800,1.6700
14.01.2014 00:33:35.766,1.47813,1.47613,2.7800,1.5800
14.01.2014 00:33:37.087,1.47812,1.47612,1.8000,1.4000
14.01.2014 00:33:38.403,1.47813,1.47613,2.9200,2.9200
14.01.2014 00:33:39.808,1.47815,1.47615,2.0400,1.4200
14.01.2014 00:33:41.244,1.47814,1.47614,2.3400,1.1900
14.01.2014 00:33:42.630,1.47814,1.47614,2.2900,1.0300
14.01.2014 00:33:43.904,1.47813,1.47613,2.3100,2.0200
14.01.2014 00:33:45.408,1.47813,1.47613,2.7700,2.3800
14.01.2014 00:33:46.822,1.47814,1.47614,2.3200,1.0400
14.01.2014 00:33:48.319,1.47813,1.47613,1.8900,1.8900
14.01.2014 00:33:49.684,1.47812,1.47612,1.7200,1.5900
14.01.2014 00:33:50.983,1.47813,1.47613,2.7400,1.4400
14.01.2014 00:33:52.520,1.47816,1.47616,1.4200,1.3500
14.01.2014 00:33:53.887,1.47815,1.47615,2.7000,2.8500
14.01.2014 00:33:55.352,1.47818,1.47618,2.8200,1.8800
14.01.2014 00:33:56.710,1.47820,1.47620,2.9600,2.4100
14.01.2014 00:33:58.102,1.47821,1.47621,2.2500,1.7900
14.01.2014 00:33:59.389,1.47821,1.47621,1.3300,2.3400
14.01.2014 00:34:00.675,1.47821,1.47621,1.7600,1.9100
14.01.2014 00:34:02.183,1.47822,1.47622,2.9700,2.4200
14.01.2014 00:34:03.647,1.47819,1.47619,1.8800,2.8800
14.01.2014 00:34:05.018,1.47819,1.47619,1.5900,2.1700
14.01.2014 00:34:06.396,1.47819,1.47619,1.1300,2.1700
14.01.2014 00:34:07.914,1.47820,1.47620,2.7300,1.7600
14.01.2014 00:34:09.294,1.47822,1.47622,1.9200,1.7500
14.01.2014 00:34:10.712,1.47824,1.47624,1.2100,1.7300
14.01.2014 00:34:12.208,1.47826,1.47626,2.1500,2.0500
14.01.2014 00:34:13.886,1.47826,1.47626,1.5900,1.7000
14.01.2014 00:34:15.252,1.47828,1.47628,2.4000,1.7600
14.01.2014 00:34:16.786,1.47826,1.47626,2.2900,2.7200
14.01.2014 00:34:18.009,1.47825,1.47625,2.0000,2.0000
14.01.2014 00:34:19.466,1.47823,1.47623,2.6700,2.0600
14.01.2014 00:34:20.753,1.47823,1.47623,1.8300,2.7500
14.01.2014 00:34:22.121,1.47821,1.47621,1.7100,2.6500
14.01.2014 00:34:23.702,1.47822,1.47622,1.5700,1.1100
14.01.2014 00:34:24.982,1.47824,1.47624,1.5400,1.4000
14.01.2014 00:34:26.345,1.47825,1.47625,1.4700,2.0200
14.01.2014 00:34:27.620,1.47826,1.47626,2.3700,1.9100
14.01.2014 00:34:28.977,1.47823,1.47623,1.0400,2.3800
14.01.2014 00:34:30.476,1.47821,1.47621,2.8600,2.0100
14.01.2014 00:34:32.002,1.47820,1.47620,2.4900,2.0800
14.01.2014 00:34:33.408,1.47818,1.47618,2.4300,1.8300
14.01.2014 00:34:34.764,1.47819,1.47619,1.2300,1.0500
14.01.2014 00:34:36.183,1.47820,1.47620,2.0900,2.5800
14.01.2014 00:34:37.536,1.47819,1.47619,2.8300,1.7500
14.01.2014 00:34:39.036,1.47819,1.47619,1.6200,1.1800
14.01.2014 00:34:40.543,1.47819,1.47619,1.0100,1.8800
14.01.2014 00:34:41.957,1.47819,1.47619,2.2900,1.3300
14.01.2014 00:34:43.380,1.47822,1.47622,1.5700,1.3900
14.01.2014 00:34:44.698,1.47822,1.47622,1.7700,1.3700
14.01.2014 00:34:45.908,1.47822,1.47622,2.0600,2.0700
14.01.2014 00:34:47.440,1.47820,1.47620,1.7600,1.7400
14.01.2014 00:34:49.031,1.47819,1.47619,2.8900,2.3200
14.01.2014 00:34:50.406,1.47817,1.47617,1.2300,2.4300
14.01.2014 00:34:51.745,1.47816,1.47616,2.6600,2.1600
14.01.2014 00:34:53.266,1.47814,1.47614,2.5600,2.0400
14.01.2014 00:34:54.752,1.47813,1.47613,2.6200,2.3300
14.01.2014 00:34:56.317,1.47814,1.47614,2.1000,1.0000
14.01.2014 00:34:57.729,1.47813,1.47613,2.1600,1.3400
14.01.2014 00:34:59.115,1.47809,1.47609,1.4500,1.9900
14.01.2014 00:35:00.573,1.47809,1.47609,2.3300,2.3000
14.01.2014 00:35:01.707,1.47811,1.47611,2.8900,1.3100
14.01.2014 00:35:03.133,1.47812,1.47612,1.7700,2.1800
14.01.2014 00:35:04.523,1.47811,1.47611,2.7600,2.9500
14.01.2014 00:35:05.846,1.47812,1.47612,1.2600,2.2000
14.01.2014 00:35:07.440,1.47812,1.47612,1.5100,2.2200
14.01.2014 00:35:08.763,1.47810,1.47610,1.3900,2.8700
14.01.2014 00:35:10.153,1.47810,1.47610,2.6600,1.1300
14.01.2014 00:35:11.531,1.47812,1.47612,1.1700,1.8100
14.01.2014 00:35:12.907,1.47811,1.47611,2.9500,1.1500
14.01.2014 00:35:14.191,1.47811,1.47611,1.0400,2.8000
14.01.2014 00:35:15.451,1.47811,1.47611,1.5000,2.6200
14.01.2014 00:35:16.897,1.47810,1.47610,2.4000,2.5500
14.01.2014 00:35:18.306,1.47812,1.47612,1.2100,2.7000
14.01.2014 00:35:19.719,1.47811,1.47611,1.8900,2.2000
14.01.2014 00:35:21.324,1.47811,1.47611,2.9800,1.4200
14.01.2014 00:35:22.678,1.47811,1.47611,1.2100,2.4100
14.01.2014 00:35:24.040,1.47813,1.47613,1.0900,1.7600
14.01.2014 00:35:25.558,1.47812,1.47612,1.9100,2.2800
14.01.2014 00:35:26.898,1.47812,1.47612,2.2700,1.4000
14.01.2014 00:35:28.472,1.47815,1.47615,2.7200,1.7100
14.01.2014 00:35:29.764,1.47814,1.47614,2.0900,2.3400
14.01.2014 00:35:31.195,1.47815,1.47615,1.6200,1.5000
14.01.2014 00:35:32.649,1.47816,1.47616,2.0900,2.0900
14.01.2014 00:35:34.066,1.47819,1.47619,1.3300,2.6900
14.01.2014 00:35:35.566,1.47819,1.47619,1.9000,2.5800
14.01.2014 00:35:36.955,1.47820,1.47620,2.2000,1.6700
14.01.2014 00:35:38.356,1.47818,1.47618,2.4900,1.4900
14.01.2014 00:35:39.729,1.47816,1.47616,1.0300,2.0600
14.01.2014 00:35:41.104,1.47817,1.47617,2.1600,1.0500
14.01.2014 00:35:42.482,1.47817,1.47617,2.4400,1.0100
14.01.2014 00:35:44.090,1.47815,1.47615,2.4100,2.8100
14.01.2014 00:35:45.376,1.47815,1.47615,2.9300,1.8600
14.01.2014 00:35:46.742,1.47815,1.47615,1.0400,2.6400
14.01.2014 00:35:48.092,1.47816,1.47616,1.2200,2.3200
14.01.2014 00:35:49.386,1.47815,1.47615,2.6800,1.4300
14.01.2014 00:35:50.650,1.47813,1.47613,1.9500,2.4100
14.01.2014 00:35:51.919,1.47812,1.47612,1.4200,1.8200
14.01.2014 00:35:53.139,1.47811,1.47611,2.8900,1.8400
14.01.2014 00:35:54.490,1.47810,1.47610,2.4800,1.6900
14.01.2014 00:35:55.853,1.47808,1.47608,2.5800,2.2000
14.01.2014 00:35:57.249,1.47807,1.47607,1.7600,1.1100
14.01.2014 00:35:58.651,1.47806,1.47606,1.6300,2.6000
14.01.2014 00:36:00.085,1.47808,1.47608,1.4600,1.0200
14.01.2014 00:36:01.628,1.47805,1.47605,2.4800,2.2900
14.01.2014 00:36:02.991,1.47806,1.47606,1.5400,2.0600
14.01.2014 00:36:04.252,1.47804,1.47604,2.1300,2.5400
14.01.2014 00:36:05.681,1.47804,1.47604,1.7700,1.3400
14.01.2014 00:36:07.293,1.47805,1.47605,2.4600,1.7200
14.01.2014 00:36:08.637,1.47804,1.47604,1.2500,1.1900
14.01.2014 00:36:09.945,1.47806,1.47606,1.6600,1.8000
14.01.2014 00:36:11.278,1.47805,1.47605,2.0200,1.2200
14.01.2014 00:36:12.702,1.47805,1.47605,2.9100,2.5500
14.01.2014 00:36:14.298,1.47802,1.47602,1.5500,2.4500
14.01.2014 00:36:15.728,1.47801,1.47601,2.6300,2.3400
14.01.2014 00:36:16.945,1.47801,1.47601,1.6100,1.2700
14.01.2014 00:36:18.353,1.47805,1.47605,1.1100,1.6900
14.01.2014 00:36:19.876,1.47809,1.47609,1.9500,1.1800
14.01.2014 00:36:21.214,1.47807,1.47607,2.4800,2.8500
14.01.2014 00:36:22.512,1.47808,1.47608,2.8000,3.0000
14.01.2014 00:36:23.982,1.47807,1.47607,2.5800,1.4500
14.01.2014 00:36:25.489,1.47810,1.47610,1.1000,2.6000
14.01.2014 00:36:26.906,1.47811,1.47611,2.6700,2.7600
14.01.2014 00:36:28.358,1.47814,1.47614,1.8100,2.1200
14.01.2014 00:36:29.941,1.47814,1.47614,2.0700,2.0300
14.01.2014 00:36:31.404,1.47812,1.47612,1.4000,1.2700
14.01.2014 00:36:32.737,1.47810,1.47610,2.3700,2.1100
14.01.2014 00:36:34.052,1.47806,1.47606,2.8400,1.2700
14.01.2014 00:36:35.432,1.47805,1.47605,2.9900,2.9800
14.01.2014 00:36:36.951,1.47805,1.47605,1.6100,2.6600
14.01.2014 00:36:38.250,1.47804,1.47604,2.6800,2.1500
14.01.2014 00:36:39.753,1.47802,1.47602,1.3700,1.7100
14.01.2014 00:36:40.964,1.47803,1.47603,1.3200,1.7500
14.01.2014 00:36:42.460,1.47801,1.47601,1.4300,1.9900
14.01.2014 00:36:43.843,1.47801,1.47601,1.8200,2.9700
14.01.2014 00:36:45.296,1.47799,1.47599,1.3900,2.7200
14.01.2014 00:36:46.661,1.47798,1.47598,2.4200,2.4600
14.01.2014 00:36:47.981,1.47796,1.47596,1.8200,2.6400
14.01.2014 00:36:49.420,1.47797,1.47597,2.7200,1.8700
14.01.2014 00:36:50.666,1.47796,1.47596,2.3600,2.9300
14.01.2014 00:36:52.048,1.47794,1.47594,2.4800,2.9300
14.01.2014 00:36:53.449,1.47791,1.47591,1.2800,1.4800
14.01.2014 00:36:54.897,1.47792,1.47592,1.7900,2.8900
14.01.2014 00:36:56.490,1.47790,1.47590,2.6800,1.7700
14.01.2014 00:36:57.873,1.47788,1.47588,1.0900,1.8800
14.01.2014 00:36:59.391,1.47792,1.47592,2.6200,1.2900
14.01.2014 00:37:00.689,1.47792,1.47592,1.7700,2.7800
14.01.2014 00:37:01.976,1.47793,1.47593,2.9300,2.5200
14.01.2014 00:37:03.287,1.47793,1.47593,2.7500,2.7600
14.01.2014 00:37:04.748,1.47793,1.47593,2.1800,1.6100
14.01.2014 00:37:06.216,1.47795,1.47595,2.2000,1.4700
14.01.2014 00:37:07.547,1.47798,1.47598,1.5000,2.0400
14.01.2014 00:37:08.860,1.47797,1.47597,2.4700,2.4300
14.01.2014 00:37:10.352,1.47797,1.47597,2.1800,1.1000
14.01.2014 00:37:11.806,1.47796,1.47596,1.5800,2.7500
14.01.2014 00:37:13.327,1.47795,1.47595,2.5800,2.5200
14.01.2014 00:37:14.635,1.47795,1.47595,1.1200,2.9400
14.01.2014 00:37:16.166,1.47793,1.47593,2.6700,2.0400
14.01.2014 00:37:17.625,1.47788,1.47588,1.9900,2.3600
14.01.2014 00:37:19.054,1.47787,1.47587,1.1000,1.6200
14.01.2014 00:37:20.551,1.47789,1.47589,1.9100,2.4600
14.01.2014 00:37:21.961,1.47790,1.47590,2.5600,1.9900
14.01.2014 00:37:23.230,1.47789,1.47589,1.0800,1.7500
14.01.2014 00:37:24.677,1.47791,1.47591,2.7300,2.7000
14.01.2014 00:37:26.235,1.47790,1.47590,2.4200,2.5400
14.01.2014 00:37:27.587,1.47791,1.47591,1.5500,1.7100
14.01.2014 00:37:28.911,1.47791,1.47591,2.1100,2.1100
14.01.2014 00:37:30.253,1.47790,1.47590,2.1800,2.1900
14.01.2014 00:37:31.592,1.47790,1.47590,2.6200,2.7900
14.01.2014 00:37:32.856,1.47789,1.47589,1.7000,2.2300
14.01.2014 00:37:34.327,1.47789,1.47589,2.7100,2.6500
14.01.2014 00:37:35.726,1.47788,1.47588,1.5200,2.2500
14.01.2014 00:37:37.009,1.47787,1.47587,1.7000,1.0700
14.01.2014 00:37:38.423,1.47786,1.47586,1.5400,1.7700
14.01.2014 00:37:39.960,1.47786,1.47586,2.3400,1.7600
14.01.2014 00:37:41.288,1.47787,1.47587,1.0800,2.9400
14.01.2014 00:37:42.675,1.47786,1.47586,1.4900,1.0300
14.01.2014 00:37:43.947,1.47787,1.47587,1.5000,2.2200
14.01.2014 00:37:45.303,1.47786,1.47586,1.7900,1.7500
14.01.2014 00:37:46.567,1.47787,1.47587,2.4200,1.9700
14.01.2014 00:37:47.974,1.47786,1.47586,2.2800,1.2800
14.01.2014 00:37:49.496,1.47786,1.47586,2.6100,1.6800
14.01.2014 00:37:50.896,1.47785,1.47585,1.9900,1.2600
14.01.2014 00:37:52.381,1.47786,1.47586,1.0900,2.0300
14.01.2014 00:37:53.714,1.47783,1.47583,1.7600,1.6500
14.01.2014 00:37:55.209,1.47785,1.47585,2.8500,2.0000
14.01.2014 00:37:56.714,1.47785,1.47585,2.0300,1.6700
14.01.2014 00:37:58.199,1.47783,1.47583,2.7200,2.9100
14.01.2014 00:37:59.490,1.47782,1.47582,1.0600,1.9800
14.01.2014 00:38:00.917,1.47781,1.47581,1.1400,2.1100
14.01.2014 00:38:02.252,1.47779,1.47579,2.9100,1.3900
14.01.2014 00:38:03.713,1.47776,1.47576,2.5600,2.3700
14.01.2014 00:38:05.249,1.47776,1.47576,2.5300,2.6800
14.01.2014 00:38:06.583,1.47776,1.47576,1.7400,2.4100
14.01.2014 00:38:07.973,1.47776,1.47576,1.3400,2.5600
14.01.2014 00:38:09.294,1.47775,1.47575,1.6500,2.1200
14.01.2014 00:38:10.626,1.47774,1.47574,2.2200,1.5400
14.01.2014 00:38:12.093,1.47772,1.47572,2.9900,1.2800
14.01.2014 00:38:13.459,1.47771,1.47571,1.1800,1.7300
14.01.2014 00:38:14.766,1.47771,1.47571,2.3400,2.8200
14.01.2014 00:38:16.275,1.47773,1.47573,1.1300,2.5200
14.01.2014 00:38:17.720,1.47775,1.47575,1.2200,2.3000
14.01.2014 00:38:19.132,1.47776,1.47576,2.1300,2.3100
14.01.2014 00:38:20.647,1.47774,1.47574,2.9800,2.9100
14.01.2014 00:38:22.124,1.47776,1.47576,2.2700,1.4600
14.01.2014 00:38:23.514,1.47776,1.47576,1.5700,2.5600
14.01.2014 00:38:25.084,1.47775,1.47575,2.5100,2.2200
14.01.2014 00:38:26.469,1.47777,1.47577,2.8700,1.0000
14.01.2014 00:38:27.920,1.47776,1.47576,2.3400,1.1200
14.01.2014 00:38:29.338,1.47777,1.47577,1.3400,1.8700
14.01.2014 00:38:30.619,1.47778,1.47578,1.1300,2.6700
14.01.2014 00:38:31.700,1.47778,1.47578,2.3500,2.4200
14.01.2014 00:38:33.140,1.47778,1.47578,2.7000,2.4700
14.01.2014 00:38:34.322,1.47778,1.47578,1.6600,2.3700
14.01.2014 00:38:35.743,1.47779,1.47579,2.7300,1.7000
14.01.2014 00:38:36.950,1.47778,1.47578,1.8200,1.9200
14.01.2014 00:38:38.342,1.47780,1.47580,1.3100,2.7600
14.01.2014 00:38:39.747,1.47783,1.47583,2.6500,1.3900
14.01.2014 00:38:41.152,1.47781,1.47581,2.6800,2.4000
14.01.2014 00:38:42.638,1.47784,1.47584,2.1100,2.4600
14.01.2014 00:38:44.026,1.47784,1.47584,2.1400,1.1300
14.01.2014 00:38:45.433,1.47784,1.47584,1.0700,1.8400
14.01.2014 00:38:46.761,1.47782,1.47582,2.9300,1.0900
14.01.2014 00:38:48.072,1.47784,1.47584,2.5900,2.1300
14.01.2014 00:38:49.420,1.47783,1.47583,1.6400,2.3200
14.01.2014 00:38:50.749,1.47784,1.47584,1.5000,2.6500
14.01.2014 00:38:52.115,1.47781,1.47581,2.6600,1.4600
14.01.2014 00:38:53.384,1.47781,1.47581,1.9200,1.3600
14.01.2014 00:38:54.860,1.47778,1.47578,2.0800,1.5400
14.01.2014 00:38:56.136,1.47780,1.47580,2.6700,1.2000
14.01.2014 00:38:57.548,1.47781,1.47581,1.6500,1.3300
14.01.2014 00:38:59.020,1.47780,1.47580,2.8600,2.0100
14.01.2014 00:39:00.250,1.47781,1.47581,2.3700,2.9100
14.01.2014 00:39:01.564,1.47781,1.47581,1.1600,2.1000
14.01.2014 00:39:02.933,1.47785,1.47585,1.1700,1.9200
14.01.2014 00:39:04.324,1.47786,1.47586,1.5400,1.3400
14.01.2014 00:39:05.829,1.47782,1.47582,2.9700,1.0400
14.01.2014 00:39:07.272,1.47779,1.47579,1.4000,2.7200
14.01.2014 00:39:08.687,1.47779,1.47579,1.2700,1.7900
14.01.2014 00:39:10.024,1.47779,1.47579,2.4400,1.6500
14.01.2014 00:39:11.438,1.47778,1.47578,2.2500,2.9100
14.01.2014 00:39:13.016,1.47779,1.47579,1.4200,2.0100
14.01.2014 00:39:14.265,1.47776,1.47576,2.8400,1.1000
14.01.2014 00:39:15.794,1.47778,1.47578,2.8500,2.1000
14.01.2014 00:39:17.240,1.47778,1.47578,1.0200,1.8000
14.01.2014 00:39:18.652,1.47778,1.47578,2.3100,2.7100
14.01.2014 00:39:19.992,1.47779,1.47579,2.1900,1.0700
14.01.2014 00:39:21.461,1.47779,1.47579,1.8000,2.6200
14.01.2014 00:39:22.833,1.47780,1.47580,2.9600,1.2500
14.01.2014 00:39:24.260,1.47777,1.47577,2.3200,1.2000
14.01.2014 00:39:25.450,1.47777,1.47577,1.3800,1.3300
14.01.2014 00:39:26.982,1.47771,1.47571,2.0700,1.2600
14.01.2014 00:39:28.488,1.47773,1.47573,1.9500,1.8400
14.01.2014 00:39:29.870,1.47771,1.47571,2.6700,2.2100
14.01.2014 00:39:31.291,1.47768,1.47568,1.9100,2.3700
14.01.2014 00:39:32.684,1.47769,1.47569,1.3900,2.9600
14.01.2014 00:39:33.953,1.47767,1.47567,2.8600,1.5700
14.01.2014 00:39:35.308,1.47764,1.47564,2.8300,2.9800
14.01.2014 00:39:36.695,1.47765,1.47565,1.6400,1.6100
14.01.2014 00:39:38.216,1.47763,1.47563,2.6800,2.9100
14.01.2014 00:39:39.736,1.47763,1.47563,2.4200,2.7500
14.01.2014 00:39:41.025,1.47764,1.47564,2.5200,1.4200
14.01.2014 00:39:42.469,1.47762,1.47562,2.0700,1.0100
14.01.2014 00:39:43.926,1.47762,1.47562,1.0100,1.4600
14.01.2014 00:39:45.322,1.47763,1.47563,1.1100,2.7200
14.01.2014 00:39:46.666,1.47765,1.47565,1.6300,2.7900
14.01.2014 00:39:47.937,1.47765,1.47565,1.0400,1.4900
14.01.2014 00:39:49.431,1.47764,1.47564,1.1400,1.1700
14.01.2014 00:39:50.796,1.47765,1.47565,2.0000,2.0800
14.01.2014 00:39:52.330,1.47763,1.47563,1.8900,2.6300
14.01.2014 00:39:53.656,1.47762,1.47562,1.5800,1.8800
14.01.2014 00:39:55.177,1.47759,1.47559,2.6000,1.5300
14.01.2014 00:39:56.497,1.47757,1.47557,2.4600,2.5100
14.01.2014 00:39:58.070,1.47759,1.47559,2.6200,1.1400
14.01.2014 00:39:59.480,1.47759,1.47559,1.9300,2.8200
14.01.2014 00:40:00.815,1.47758,1.47558,2.2500,2.4700
14.01.2014 00:40:02.158,1.47761,1.47561,2.2600,2.7700
14.01.2014 00:40:03.367,1.47762,1.47562,2.3400,1.5000
14.01.2014 00:40:04.842,1.47764,1.47564,1.1900,1.1100
14.01.2014 00:40:06.252,1.47764,1.47564,1.6000,2.7800
14.01.2014 00:40:07.694,1.47765,1.47565,2.1200,2.0000
14.01.2014 00:40:09.110,1.47764,1.47564,2.9100,1.9200
14.01.2014 00:40:10.537,1.47767,1.47567,1.2800,2.0900
14.01.2014 00:40:11.947,1.47768,1.47568,1.9700,2.6600
14.01.2014 00:40:13.564,1.47769,1.47569,2.0600,1.5900
14.01.2014 00:40:14.988,1.47770,1.47570,1.1700,1.5400
14.01.2014 00:40:16.396,1.47772,1.47572,1.7700,2.2200
14.01.2014 00:40:17.761,1.47772,1.47572,2.1600,2.7000
14.01.2014 00:40:19.160,1.47769,1.47569,1.2200,2.6000
14.01.2014 00:40:20.752,1.47771,1.47571,1.9600,2.0800
14.01.2014 00:40:21.952,1.47772,1.47572,1.2600,1.3600
14.01.2014 00:40:23.477,1.47771,1.47571,1.5000,2.7400
14.01.2014 00:40:24.801,1.47772,1.47572,2.4700,1.4100
14.01.2014 00:40:26.102,1.47771,1.47571,1.7200,2.9500
14.01.2014 00:40:27.521,1.47771,1.47571,2.4700,2.9400
14.01.2014 00:40:29.115,1.47773,1.47573,1.9300,1.1200
14.01.2014 00:40:30.285,1.47771,1.47571,2.1300,1.1200
14.01.2014 00:40:31.621,1.47771,1.47571,1.5900,2.5500
14.01.2014 00:40:33.073,1.47769,1.47569,1.4300,1.9200
14.01.2014 00:40:34.334,1.47769,1.47569,2.3300,2.5000
14.01.2014 00:40:35.497,1.47769,1.47569,2.9200,1.4200
14.01.2014 00:40:37.062,1.47769,1.47569,1.5500,1.4900
14.01.2014 00:40:38.430,1.47769,1.47569,1.5600,1.4700
14.01.2014 00:40:39.742,1.47767,1.47567,2.4400,2.6800
14.01.2014 00:40:41.116,1.47767,1.47567,1.7400,1.3000
14.01.2014 00:40:42.511,1.47766,1.47566,1.8100,1.1800
14.01.2014 00:40:43.892,1.47767,1.47567,2.5500,2.1800
14.01.2014 00:40:45.319,1.47764,1.47564,1.3300,1.4100
14.01.2014 00:40:46.741,1.47764,1.47564,1.5100,2.9400
14.01.2014 00:40:48.142,1.47764,1.47564,1.9500,1.9800
14.01.2014 00:40:49.685,1.47763,1.47563,1.4300,2.2900
14.01.2014 00:40:51.083,1.47765,1.47565,2.2600,1.5300
14.01.2014 00:40:52.532,1.47764,1.47564,1.4800,1.5400
14.01.2014 00:40:54.049,1.47761,1.47561,1.8700,2.7800
14.01.2014 00:40:55.431,1.47761,1.47561,2.5800,2.2800
14.01.2014 00:40:56.751,1.47758,1.47558,2.8400,2.4300
14.01.2014 00:40:58.099,1.47759,1.47559,2.8300,1.8600
14.01.2014 00:40:59.617,1.47758,1.47558,2.4300,2.9400
14.01.2014 00:41:01.057,1.47759,1.47559,2.5400,1.1300
14.01.2014 00:41:02.501,1.47760,1.47560,2.3200,1.7800
14.01.2014 00:41:03.732,1.47759,1.47559,1.1700,2.6200
14.01.2014 00:41:05.117,1.47757,1.47557,1.2000,1.4300
14.01.2014 00:41:06.554,1.47756,1.47556,1.4200,2.8800
14.01.2014 00:41:07.963,1.47756,1.47556,1.5700,2.7600
14.01.2014 00:41:09.191,1.47755,1.47555,2.3700,2.3000
14.01.2014 00:41:10.560,1.47757,1.47557,2.2100,2.3300
14.01.2014 00:41:11.980,1.47757,1.47557,1.6400,1.7500
14.01.2014 00:41:13.225,1.47758,1.47558,2.6300,2.4400
14.01.2014 00:41:14.603,1.47759,1.47559,2.8600,2.8000
14.01.2014 00:41:16.178,1.47760,1.47560,2.1300,2.0100
14.01.2014 00:41:17.649,1.47761,1.47561,2.0700,1.7800
14.01.2014 00:41:18.885,1.47759,1.47559,2.6000,1.4800
14.01.2014 00:41:20.306,1.47762,1.47562,1.0800,1.8100
14.01.2014 00:41:21.755,1.47763,1.47563,1.0200,2.2100
14.01.2014 00:41:23.151,1.47761,1.47561,1.0900,2.4600
14.01.2014 00:41:24.630,1.47762,1.47562,1.8500,1.6200
14.01.2014 00:41:26.177,1.47757,1.47557,2.4500,2.4800
14.01.2014 00:41:27.425,1.47758,1.47558,1.8300,2.3600
14.01.2014 00:41:28.785,1.47759,1.47559,2.5100,1.8200
14.01.2014 00:41:30.235,1.47758,1.47558,2.0800,2.8400
14.01.2014 00:41:31.611,1.47758,1.47558,1.4700,1.1800
14.01.2014 00:41:32.825,1.47760,1.47560,2.6300,1.1800
14.01.2014 00:41:34.368,1.47760,1.47560,1.4900,2.2500
14.01.2014 00:41:35.601,1.47761,1.47561,2.2900,2.0600
14.01.2014 00:41:36.977,1.47762,1.47562,1.6300,1.5200
14.01.2014 00:41:38.237,1.47765,1.47565,2.0200,1.9400
14.01.2014 00:41:39.613,1.47761,1.47561,1.4900,2.3900
14.01.2014 00:41:41.014,1.47760,1.47560,2.9900,1.6400
14.01.2014 00:41:42.270,1.47760,1.47560,1.6000,1.1800
14.01.2014 00:41:43.649,1.47762,1.47562,2.3600,1.1400
14.01.2014 00:41:45.039,1.47763,1.47563,2.1500,1.1400
14.01.2014 00:41:46.428,1.47761,1.47561,2.3400,2.0700
14.01.2014 00:41:47.732,1.47763,1.47563,2.6500,2.3100
14.01.2014 00:41:49.132,1.47762,1.47562,1.2800,2.4500
14.01.2014 00:41:50.514,1.47763,1.47563,2.5700,2.1700
14.01.2014 00:41:51.715,1.47764,1.47564,1.4000,2.5600
14.01.2014 00:41:53.227,1.47765,1.47565,2.1300,1.8400
14.01.2014 00:41:54.632,1.47766,1.47566,1.3300,1.8300
14.01.2014 00:41:55.791,1.47765,1.47565,1.1300,1.9600
14.01.2014 00:41:57.164,1.47763,1.47563,1.6900,2.6900
14.01.2014 00:41:58.611,1.47763,1.47563,2.7800,2.9600
14.01.2014 00:41:59.971,1.47762,1.47562,1.4200,2.5500
14.01.2014 00:42:01.494,1.47760,1.47560,2.0100,1.3700
14.01.2014 00:42:02.950,1.47761,1.47561,2.4000,1.2300
14.01.2014 00:42:04.142,1.47762,1.47562,2.3700,1.6000
14.01.2014 00:42:05.528,1.47763,1.47563,1.8700,1.7000
14.01.2014 00:42:06.927,1.47761,1.47561,1.5200,1.8000
14.01.2014 00:42:08.274,1.47763,1.47563,2.9400,2.8300
14.01.2014 00:42:09.688,1.47762,1.47562,1.0700,2.4000
14.01.2014 00:42:11.014,1.47758,1.47558,1.0200,1.9300
14.01.2014 00:42:12.306,1.47757,1.47557,2.7300,2.1600
14.01.2014 00:42:13.791,1.47760,1.47560,1.6400,1.0200
14.01.2014 00:42:15.112,1.47762,1.47562,2.9700,1.5400
14.01.2014 00:42:16.594,1.47765,1.47565,1.3500,2.3600
14.01.2014 00:42:18.005,1.47765,1.47565,2.6200,2.0100
14.01.2014 00:42:19.502,1.47766,1.47566,1.9800,2.5000
14.01.2014 00:42:20.909,1.47765,1.47565,2.4700,1.9300
14.01.2014 00:42:22.322,1.47764,1.47564,2.8000,2.2300
14.01.2014 00:42:23.819,1.47761,1.47561,2.3000,1.6500
14.01.2014 00:42:25.382,1.47759,1.47559,1.0800,2.9700
14.01.2014 00:42:26.769,1.47758,1.47558,1.7000,1.5900
14.01.2014 00:42:28.274,1.47756,1.47556,1.6100,1.3600
14.01.2014 00:42:29.639,1.47756,1.47556,2.3600,2.1400
14.01.2014 00:42:31.276,1.47759,1.47559,1.9200,1.9300
14.01.2014 00:42:32.670,1.47761,1.47561,2.9800,1.0900
14.01.2014 00:42:34.248,1.47759,1.47559,1.5300,2.3900
14.01.2014 00:42:35.565,1.47756,1.47556,1.1200,1.2900
14.01.2014 00:42:37.055,1.47759,1.47559,1.2400,1.3200
14.01.2014 00:42:38.658,1.47758,1.47558,1.5200,1.0800
14.01.2014 00:42:39.990,1.47758,1.47558,2.4200,1.5500
14.01.2014 00:42:41.544,1.47758,1.47558,1.6800,1.2500
14.01.2014 00:42:42.916,1.47759,1.47559,2.0600,1.0900
14.01.2014 00:42:44.234,1.47760,1.47560,2.1100,2.4100
14.01.2014 00:42:45.797,1.47757,1.47557,2.1600,2.0200
14.01.2014 00:42:47.120,1.47761,1.47561,1.4100,1.7000
14.01.2014 00:42:48.340,1.47760,1.47560,2.7700,2.1000
14.01.2014 00:42:49.619,1.47758,1.47558,1.3800,2.4900
14.01.2014 00:42:51.203,1.47762,1.47562,2.1200,2.1600
14.01.2014 00:42:52.622,1.47762,1.47562,1.9000,1.3200
14.01.2014 00:42:53.990,1.47760,1.47560,1.9600,2.1500
14.01.2014 00:42:55.383,1.47759,1.47559,1.3200,1.6400
14.01.2014 00:42:56.962,1.47758,1.47558,1.9500,2.8100
14.01.2014 00:42:58.509,1.47759,1.47559,1.1000,1.1600
14.01.2014 00:42:59.853,1.47759,1.47559,1.7800,1.4300
14.01.2014 00:43:01.234,1.47761,1.47561,2.6700,2.6100
14.01.2014 00:43:02.662,1.47761,1.47561,1.1000,1.9600
14.01.2014 00:43:04.143,1.47763,1.47563,2.0200,1.3600
14.01.2014 00:43:05.551,1.47763,1.47563,2.5500,2.2700
14.01.2014 00:43:06.934,1.47762,1.47562,1.2100,1.9600
14.01.2014 00:43:08.276,1.47759,1.47559,2.0600,1.3600
14.01.2014 00:43:09.567,1.47761,1.47561,1.7400,2.6500
14.01.2014 00:43:10.823,1.47760,1.47560,1.3900,1.6500
14.01.2014 00:43:12.160,1.47758,1.47558,2.5800,1.5800
