Time,Ask,Bid,AskVolume,BidVolume
16.01.2014 00:00:02.117,1.48328,1.48128,1.7000,1.1900
16.01.2014 00:00:03.674,1.48330,1.48130,1.2900,1.0100
16.01.2014 00:00:04.966,1.48332,1.48132,2.2800,1.9400
16.01.2014 00:00:06.319,1.48329,1.48129,2.3200,2.3200
16.01.2014 00:00:07.680,1.48328,1.48128,1.0400,2.1000
16.01.2014 00:00:09.092,1.48331,1.48131,1.1200,2.8600
16.01.2014 00:00:10.406,1.48332,1.48132,2.9600,1.2000
16.01.2014 00:00:11.660,1.48330,1.48130,1.7900,1.7400
16.01.2014 00:00:13.084,1.48330,1.48130,2.2800,2.5500
16.01.2014 00:00:14.404,1.48330,1.48130,1.0900,1.1000
16.01.2014 00:00:15.718,1.48330,1.48130,1.7900,2.6800
16.01.2014 00:00:17.051,1.48331,1.48131,1.1000,1.3000
16.01.2014 00:00:18.486,1.48333,1.48133,2.8100,1.8200
16.01.2014 00:00:19.889,1.48334,1.48134,2.3300,1.9400
16.01.2014 00:00:21.272,1.48333,1.48133,2.8300,2.5200
16.01.2014 00:00:22.523,1.48333,1.48133,2.1400,2.2200
16.01.2014 00:00:23.742,1.48334,1.48134,1.1000,2.1600
16.01.2014 00:00:25.160,1.48333,1.48133,2.8500,2.2800
16.01.2014 00:00:26.653,1.48333,1.48133,2.0600,2.9700
16.01.2014 00:00:28.078,1.48334,1.48134,1.1800,2.3500
16.01.2014 00:00:29.456,1.48333,1.48133,2.9300,1.5600
16.01.2014 00:00:30.949,1.48333,1.48133,1.2400,2.8900
16.01.2014 00:00:32.211,1.48333,1.48133,1.1100,2.2600
16.01.2014 00:00:33.631,1.48335,1.48135,2.2900,1.3700
16.01.2014 00:00:35.055,1.48337,1.48137,2.4400,1.4800
16.01.2014 00:00:36.493,1.48335,1.48135,2.6500,2.5100
16.01.2014 00:00:37.864,1.48335,1.48135,2.8000,2.4500
16.01.2014 00:00:39.326,1.48336,1.48136,1.3300,2.3400
16.01.2014 00:00:40.886,1.48334,1.48134,1.8000,1.3300
16.01.2014 00:00:42.264,1.48333,1.48133,2.0700,1.1200
16.01.2014 00:00:43.664,1.48335,1.48135,2.8500,1.1000
16.01.2014 00:00:44.981,1.48332,1.48132,2.0200,1.6200
16.01.2014 00:00:46.492,1.48329,1.48129,1.0600,2.8800
16.01.2014 00:00:47.760,1.48332,1.48132,2.0200,1.7700
16.01.2014 00:00:49.278,1.48335,1.48135,1.3300,1.4200
16.01.2014 00:00:50.562,1.48333,1.48133,2.7700,1.5600
16.01.2014 00:00:51.951,1.48333,1.48133,1.7700,2.7700
16.01.2014 00:00:53.242,1.48331,1.48131,1.2500,1.2400
16.01.2014 00:00:54.672,1.48328,1.48128,1.7300,1.3000
16.01.2014 00:00:56.029,1.48327,1.48127,1.5900,1.4700
16.01.2014 00:00:57.306,1.48326,1.48126,2.6100,1.2300
16.01.2014 00:00:58.696,1.48327,1.48127,1.5200,2.3900
16.01.2014 00:01:00.171,1.48329,1.48129,1.6900,1.7600
16.01.2014 00:01:01.654,1.48331,1.48131,1.0600,1.1200
16.01.2014 00:01:03.107,1.48331,1.48131,2.3800,2.0500
16.01.2014 00:01:04.580,1.48329,1.48129,2.8700,2.4800
16.01.2014 00:01:05.919,1.48329,1.48129,2.0200,1.2100
16.01.2014 00:01:07.423,1.48328,1.48128,2.3400,2.5600
16.01.2014 00:01:08.808,1.48328,1.48128,2.1500,2.5200
16.01.2014 00:01:10.226,1.48329,1.48129,1.2900,2.7400
16.01.2014 00:01:11.450,1.48328,1.48128,1.1700,2.8600
16.01.2014 00:01:12.923,1.48328,1.48128,1.4900,1.4600
16.01.2014 00:01:14.325,1.48326,1.48126,2.0500,2.5700
16.01.2014 00:01:15.681,1.48326,1.48126,2.4600,2.3000
16.01.2014 00:01:16.997,1.48325,1.48125,2.0200,2.4900
16.01.2014 00:01:18.542,1.48323,1.48123,1.0600,1.5300
16.01.2014 00:01:19.878,1.48324,1.48124,1.8400,2.5400
16.01.2014 00:01:21.335,1.48321,1.48121,2.1600,2.3800
16.01.2014 00:01:22.763,1.48320,1.48120,2.8400,2.9900
16.01.2014 00:01:24.162,1.48318,1.48118,1.5100,2.5700
16.01.2014 00:01:25.631,1.48320,1.48120,1.9600,2.7400
16.01.2014 00:01:26.919,1.48319,1.48119,1.0400,1.2800
16.01.2014 00:01:28.347,1.48319,1.48119,1.8900,2.9500
16.01.2014 00:01:29.753,1.48316,1.48116,2.7900,1.9700
16.01.2014 00:01:31.108,1.48315,1.48115,2.8900,1.5200
16.01.2014 00:01:32.364,1.48315,1.48115,1.4700,1.4100
16.01.2014 00:01:33.951,1.48319,1.48119,1.5400,2.5300
16.01.2014 00:01:35.451,1.48322,1.48122,1.5800,2.7700
16.01.2014 00:01:36.802,1.48324,1.48124,2.4700,2.4300
16.01.2014 00:01:38.436,1.48322,1.48122,1.8000,2.0500
16.01.2014 00:01:39.823,1.48323,1.48123,1.1000,2.0600
16.01.2014 00:01:41.233,1.48323,1.48123,1.4700,1.0100
16.01.2014 00:01:42.577,1.48324,1.48124,1.6500,2.5200
16.01.2014 00:01:43.921,1.48324,1.48124,1.0200,2.0200
16.01.2014 00:01:45.239,1.48324,1.48124,1.0000,2.1300
16.01.2014 00:01:46.556,1.48325,1.48125,1.1500,2.8900
16.01.2014 00:01:47.923,1.48327,1.48127,2.5300,2.4700
16.01.2014 00:01:49.385,1.48326,1.48126,1.8400,1.6400
16.01.2014 00:01:50.654,1.48325,1.48125,1.7200,1.2200
16.01.2014 00:01:51.984,1.48326,1.48126,1.6400,1.6700
16.01.2014 00:01:53.321,1.48328,1.48128,1.3200,2.2500
16.01.2014 00:01:54.630,1.48329,1.48129,2.8600,2.3100
16.01.2014 00:01:56.097,1.48325,1.48125,1.8400,2.3100
16.01.2014 00:01:57.541,1.48324,1.48124,2.7100,1.1500
16.01.2014 00:01:58.913,1.48323,1.48123,2.2600,1.9800
16.01.2014 00:02:00.261,1.48322,1.48122,1.4900,1.3200
16.01.2014 00:02:01.770,1.48322,1.48122,1.0900,2.1900
16.01.2014 00:02:03.268,1.48324,1.48124,1.3300,2.9200
16.01.2014 00:02:04.650,1.48325,1.48125,2.1300,1.5300
16.01.2014 00:02:06.106,1.48327,1.48127,1.9900,1.0800
16.01.2014 00:02:07.503,1.48323,1.48123,2.6000,2.1900
16.01.2014 00:02:08.884,1.48321,1.48121,2.2600,1.8600
16.01.2014 00:02:10.237,1.48321,1.48121,2.9500,1.8200
16.01.2014 00:02:11.557,1.48322,1.48122,2.6300,2.0700
16.01.2014 00:02:12.913,1.48320,1.48120,1.2100,1.9900
16.01.2014 00:02:14.228,1.48318,1.48118,2.7100,1.6100
16.01.2014 00:02:15.696,1.48316,1.48116,1.3200,1.7800
16.01.2014 00:02:17.219,1.48316,1.48116,1.2700,1.4000
16.01.2014 00:02:18.557,1.48315,1.48115,1.5600,2.8000
16.01.2014 00:02:19.935,1.48315,1.48115,2.3000,2.7100
16.01.2014 00:02:21.298,1.48316,1.48116,1.6100,1.5600
16.01.2014 00:02:22.623,1.48314,1.48114,2.6600,2.3200
16.01.2014 00:02:24.042,1.48315,1.48115,2.1600,1.7200
16.01.2014 00:02:25.344,1.48315,1.48115,2.0200,2.0700
16.01.2014 00:02:26.837,1.48315,1.48115,2.9700,2.3700
16.01.2014 00:02:28.217,1.48316,1.48116,2.0400,1.9700
16.01.2014 00:02:29.631,1.48317,1.48117,1.1700,1.1200
16.01.2014 00:02:30.979,1.48316,1.48116,1.1900,1.3900
16.01.2014 00:02:32.357,1.48317,1.48117,2.1700,2.0100
16.01.2014 00:02:33.789,1.48321,1.48121,2.2200,2.3400
16.01.2014 00:02:35.164,1.48323,1.48123,2.9900,1.3500
16.01.2014 00:02:36.647,1.48322,1.48122,1.9600,1.9000
16.01.2014 00:02:38.001,1.48324,1.48124,1.5700,2.1700
16.01.2014 00:02:39.412,1.48324,1.48124,2.6100,1.5400
16.01.2014 00:02:40.978,1.48327,1.48127,1.1400,2.9500
16.01.2014 00:02:42.251,1.48328,1.48128,2.5800,1.9500
16.01.2014 00:02:43.618,1.48330,1.48130,2.4300,1.5800
16.01.2014 00:02:45.153,1.48331,1.48131,1.3800,2.0500
16.01.2014 00:02:46.395,1.48330,1.48130,1.3800,2.1900
16.01.2014 00:02:47.797,1.48329,1.48129,2.8600,1.4500
16.01.2014 00:02:49.344,1.48330,1.48130,2.7500,1.4200
16.01.2014 00:02:50.611,1.48329,1.48129,2.6200,2.2200
16.01.2014 00:02:52.020,1.48332,1.48132,1.4900,1.0800
16.01.2014 00:02:53.584,1.48330,1.48130,2.4600,1.0000
16.01.2014 00:02:55.184,1.48328,1.48128,1.3800,2.4000
16.01.2014 00:02:56.490,1.48329,1.48129,2.7600,1.5500
16.01.2014 00:02:57.782,1.48330,1.48130,1.8900,1.6700
16.01.2014 00:02:59.120,1.48332,1.48132,1.8700,1.2900
16.01.2014 00:03:00.551,1.48332,1.48132,1.0500,2.1300
16.01.2014 00:03:01.886,1.48334,1.48134,1.5700,2.5700
16.01.2014 00:03:03.150,1.48335,1.48135,2.7300,2.1100
16.01.2014 00:03:04.673,1.48337,1.48137,2.3700,2.3300
16.01.2014 00:03:05.910,1.48340,1.48140,1.9300,2.2500
16.01.2014 00:03:07.136,1.48340,1.48140,2.0700,2.2800
16.01.2014 00:03:08.614,1.48342,1.48142,2.9900,2.5800
16.01.2014 00:03:09.846,1.48344,1.48144,2.7800,2.1300
16.01.2014 00:03:11.260,1.48344,1.48144,1.4700,2.3100
16.01.2014 00:03:12.645,1.48344,1.48144,2.8500,2.5100
16.01.2014 00:03:14.163,1.48343,1.48143,2.5000,1.9700
16.01.2014 00:03:15.470,1.48344,1.48144,2.2900,1.5100
16.01.2014 00:03:16.756,1.48342,1.48142,2.5700,2.6400
16.01.2014 00:03:18.125,1.48343,1.48143,1.6900,1.9100
16.01.2014 00:03:19.681,1.48344,1.48144,2.8300,2.3900
16.01.2014 00:03:21.179,1.48346,1.48146,2.7200,2.3200
16.01.2014 00:03:22.598,1.48345,1.48145,2.6700,2.3100
16.01.2014 00:03:23.964,1.48344,1.48144,1.8100,2.6000
16.01.2014 00:03:25.405,1.48346,1.48146,1.4300,2.1100
16.01.2014 00:03:26.763,1.48345,1.48145,2.6500,2.1400
16.01.2014 00:03:28.134,1.48344,1.48144,2.9500,2.6100
16.01.2014 00:03:29.516,1.48344,1.48144,2.4400,2.4600
16.01.2014 00:03:30.846,1.48345,1.48145,1.4100,2.4100
16.01.2014 00:03:32.214,1.48345,1.48145,2.6500,2.4200
16.01.2014 00:03:33.513,1.48344,1.48144,2.2200,1.8100
16.01.2014 00:03:34.849,1.48348,1.48148,1.5500,1.6900
16.01.2014 00:03:36.233,1.48349,1.48149,2.8000,1.1500
16.01.2014 00:03:37.610,1.48349,1.48149,2.7600,1.1800
16.01.2014 00:03:38.786,1.48352,1.48152,2.9600,1.8100
16.01.2014 00:03:40.270,1.48353,1.48153,1.5800,2.5200
16.01.2014 00:03:41.587,1.48355,1.48155,2.4000,1.4600
16.01.2014 00:03:43.101,1.48353,1.48153,1.7700,2.7900
16.01.2014 00:03:44.598,1.48351,1.48151,1.0500,2.0900
16.01.2014 00:03:46.145,1.48355,1.48155,2.8500,2.8300
16.01.2014 00:03:47.553,1.48354,1.48154,1.4700,1.6400
16.01.2014 00:03:49.089,1.48353,1.48153,2.3400,1.8400
16.01.2014 00:03:50.342,1.48352,1.48152,1.5000,2.4000
16.01.2014 00:03:51.822,1.48352,1.48152,2.2800,2.4300
16.01.2014 00:03:53.275,1.48351,1.48151,2.8400,1.0600
16.01.2014 00:03:54.607,1.48348,1.48148,1.6500,2.0200
16.01.2014 00:03:56.001,1.48348,1.48148,2.0400,2.8500
16.01.2014 00:03:57.406,1.48349,1.48149,1.9000,2.8900
16.01.2014 00:03:58.860,1.48350,1.48150,1.1400,1.0200
16.01.2014 00:04:00.383,1.48349,1.48149,2.7000,1.3000
16.01.2014 00:04:01.949,1.48351,1.48151,2.6000,2.0200
16.01.2014 00:04:03.218,1.48352,1.48152,2.4000,1.1800
16.01.2014 00:04:04.536,1.48353,1.48153,2.1000,1.5300
16.01.2014 00:04:05.845,1.48352,1.48152,2.7400,2.0800
16.01.2014 00:04:07.229,1.48352,1.48152,2.2300,1.7800
16.01.2014 00:04:08.633,1.48353,1.48153,1.5300,1.7500
16.01.2014 00:04:09.978,1.48354,1.48154,1.2600,1.5700
16.01.2014 00:04:11.527,1.48356,1.48156,2.9400,2.5500
16.01.2014 00:04:12.824,1.48357,1.48157,1.8300,2.7000
16.01.2014 00:04:14.251,1.48356,1.48156,1.5800,1.5000
16.01.2014 00:04:15.485,1.48354,1.48154,2.0800,2.8200
16.01.2014 00:04:17.101,1.48354,1.48154,1.8700,1.0700
16.01.2014 00:04:18.422,1.48352,1.48152,1.9900,2.6700
16.01.2014 00:04:19.880,1.48351,1.48151,2.0000,2.2100
16.01.2014 00:04:21.501,1.48348,1.48148,1.3800,2.6500
16.01.2014 00:04:23.018,1.48350,1.48150,2.5500,2.2100
16.01.2014 00:04:24.402,1.48349,1.48149,1.1400,2.4700
16.01.2014 00:04:25.821,1.48348,1.48148,1.7200,1.6100
16.01.2014 00:04:27.038,1.48350,1.48150,1.7600,2.0900
16.01.2014 00:04:28.437,1.48351,1.48151,2.9300,2.2300
16.01.2014 00:04:29.978,1.48350,1.48150,2.5600,1.3100
16.01.2014 00:04:31.471,1.48352,1.48152,1.2100,2.4300
16.01.2014 00:04:33.065,1.48351,1.48151,2.0800,1.0200
16.01.2014 00:04:34.354,1.48353,1.48153,1.0300,2.0200
16.01.2014 00:04:35.750,1.48354,1.48154,1.6900,2.2300
16.01.2014 00:04:37.085,1.48354,1.48154,1.8300,2.8800
16.01.2014 00:04:38.410,1.48356,1.48156,1.5200,2.3400
16.01.2014 00:04:39.580,1.48358,1.48158,1.0800,1.1100
16.01.2014 00:04:41.223,1.48359,1.48159,2.4200,1.0700
16.01.2014 00:04:42.736,1.48359,1.48159,1.3000,1.8000
16.01.2014 00:04:44.160,1.48357,1.48157,2.4800,1.6100
16.01.2014 00:04:45.572,1.48358,1.48158,1.8600,1.9100
16.01.2014 00:04:46.966,1.48358,1.48158,2.3500,1.7500
16.01.2014 00:04:48.374,1.48357,1.48157,2.2500,2.2700
16.01.2014 00:04:49.730,1.48357,1.48157,1.7300,2.8300
16.01.2014 00:04:51.198,1.48359,1.48159,1.3900,1.8800
16.01.2014 00:04:52.791,1.48357,1.48157,1.6800,2.0000
16.01.2014 00:04:54.254,1.48357,1.48157,1.8600,2.9700
16.01.2014 00:04:55.631,1.48360,1.48160,1.2800,1.5900
16.01.2014 00:04:57.055,1.48359,1.48159,1.9400,1.6500
16.01.2014 00:04:58.389,1.48362,1.48162,1.6800,1.8200
16.01.2014 00:04:59.660,1.48361,1.48161,1.9000,1.5300
16.01.2014 00:05:00.787,1.48362,1.48162,1.3500,2.2900
16.01.2014 00:05:02.050,1.48361,1.48161,1.4500,2.2600
16.01.2014 00:05:03.239,1.48360,1.48160,2.0900,2.6200
16.01.2014 00:05:04.756,1.48357,1.48157,1.9400,2.4600
16.01.2014 00:05:06.313,1.48357,1.48157,1.8800,2.4200
16.01.2014 00:05:07.624,1.48356,1.48156,2.4600,1.7600
16.01.2014 00:05:09.263,1.48354,1.48154,1.7100,1.9400
16.01.2014 00:05:10.575,1.48354,1.48154,1.9600,1.3900
16.01.2014 00:05:12.059,1.48354,1.48154,1.7700,2.8300
16.01.2014 00:05:13.303,1.48352,1.48152,2.6100,2.2900
16.01.2014 00:05:14.833,1.48350,1.48150,2.6200,1.5700
16.01.2014 00:05:16.184,1.48351,1.48151,2.2800,2.6500
16.01.2014 00:05:17.503,1.48351,1.48151,2.9000,2.1800
16.01.2014 00:05:18.755,1.48352,1.48152,1.1000,2.5100
16.01.2014 00:05:20.207,1.48353,1.48153,1.5300,2.0100
16.01.2014 00:05:21.660,1.48354,1.48154,2.8000,2.4700
16.01.2014 00:05:23.199,1.48352,1.48152,1.1300,2.6200
16.01.2014 00:05:24.555,1.48351,1.48151,2.3800,1.7400
16.01.2014 00:05:25.886,1.48353,1.48153,2.9600,2.1600
16.01.2014 00:05:27.291,1.48350,1.48150,2.7100,2.9200
16.01.2014 00:05:28.730,1.48351,1.48151,1.3600,2.7000
16.01.2014 00:05:30.251,1.48351,1.48151,2.5800,1.7500
16.01.2014 00:05:31.641,1.48352,1.48152,2.9800,2.3000
16.01.2014 00:05:32.985,1.48351,1.48151,1.7000,2.4200
16.01.2014 00:05:34.413,1.48350,1.48150,2.3300,2.7500
16.01.2014 00:05:35.896,1.48351,1.48151,2.1700,1.0900
16.01.2014 00:05:37.644,1.48349,1.48149,1.1500,1.3900
16.01.2014 00:05:39.191,1.48352,1.48152,2.9500,2.7800
16.01.2014 00:05:40.616,1.48351,1.48151,1.4400,2.7600
16.01.2014 00:05:42.047,1.48351,1.48151,2.5000,2.7800
16.01.2014 00:05:43.400,1.48352,1.48152,1.4900,1.7500
16.01.2014 00:05:44.826,1.48349,1.48149,2.3000,2.0900
16.01.2014 00:05:46.233,1.48349,1.48149,1.6900,1.4400
16.01.2014 00:05:47.671,1.48350,1.48150,1.6800,1.5200
16.01.2014 00:05:48.831,1.48350,1.48150,1.6400,2.2900
16.01.2014 00:05:50.219,1.48348,1.48148,1.0200,1.6100
16.01.2014 00:05:51.402,1.48348,1.48148,2.5400,2.9000
16.01.2014 00:05:52.785,1.48347,1.48147,1.3700,1.7600
16.01.2014 00:05:54.348,1.48347,1.48147,1.3200,1.2200
16.01.2014 00:05:55.602,1.48346,1.48146,1.2200,1.6500
16.01.2014 00:05:56.982,1.48345,1.48145,1.4700,1.6200
16.01.2014 00:05:58.433,1.48347,1.48147,1.3400,1.7700
16.01.2014 00:05:59.684,1.48347,1.48147,2.5400,1.5300
16.01.2014 00:06:00.966,1.48346,1.48146,1.3500,1.2700
16.01.2014 00:06:02.309,1.48346,1.48146,2.3900,1.6300
16.01.2014 00:06:03.538,1.48348,1.48148,1.1800,2.2600
16.01.2014 00:06:05.114,1.48350,1.48150,2.4100,1.6900
16.01.2014 00:06:06.542,1.48347,1.48147,2.1400,1.8900
16.01.2014 00:06:07.945,1.48348,1.48148,2.9500,2.0500
16.01.2014 00:06:09.353,1.48351,1.48151,1.6900,2.2700
16.01.2014 00:06:10.751,1.48349,1.48149,2.3400,2.9100
16.01.2014 00:06:12.007,1.48349,1.48149,2.6700,1.8600
16.01.2014 00:06:13.372,1.48350,1.48150,1.0100,1.0600
16.01.2014 00:06:14.700,1.48349,1.48149,2.4300,1.6200
16.01.2014 00:06:16.001,1.48350,1.48150,1.4400,2.2900
16.01.2014 00:06:17.377,1.48349,1.48149,1.6200,2.0300
16.01.2014 00:06:18.686,1.48351,1.48151,1.0400,2.9500
16.01.2014 00:06:20.053,1.48350,1.48150,2.0600,1.6800
16.01.2014 00:06:21.367,1.48352,1.48152,1.5500,2.8000
16.01.2014 00:06:22.820,1.48356,1.48156,1.7900,1.7100
16.01.2014 00:06:24.329,1.48353,1.48153,2.3400,1.5400
16.01.2014 00:06:25.724,1.48354,1.48154,2.8000,1.0500
16.01.2014 00:06:27.350,1.48351,1.48151,1.0800,2.8300
16.01.2014 00:06:28.697,1.48348,1.48148,1.6300,2.7700
16.01.2014 00:06:30.157,1.48348,1.48148,2.9200,2.9800
16.01.2014 00:06:31.684,1.48350,1.48150,1.0600,1.8900
16.01.2014 00:06:33.078,1.48352,1.48152,2.9000,2.2600
16.01.2014 00:06:34.469,1.48353,1.48153,1.1100,2.6400
16.01.2014 00:06:35.893,1.48352,1.48152,1.1400,1.6400
16.01.2014 00:06:37.086,1.48351,1.48151,2.9800,1.2700
16.01.2014 00:06:38.370,1.48351,1.48151,1.2100,1.0900
16.01.2014 00:06:39.838,1.48352,1.48152,1.0600,1.7800
16.01.2014 00:06:41.084,1.48352,1.48152,1.1800,2.8100
16.01.2014 00:06:42.562,1.48354,1.48154,2.9400,1.0500
16.01.2014 00:06:44.152,1.48352,1.48152,2.6000,2.0300
16.01.2014 00:06:45.482,1.48349,1.48149,2.3500,1.8600
16.01.2014 00:06:47.022,1.48350,1.48150,1.3700,1.7300
16.01.2014 00:06:48.511,1.48345,1.48145,2.3600,2.8400
16.01.2014 00:06:49.958,1.48346,1.48146,1.9100,2.8500
16.01.2014 00:06:51.414,1.48346,1.48146,1.7200,3.0000
16.01.2014 00:06:52.723,1.48346,1.48146,1.9300,1.1800
16.01.2014 00:06:54.136,1.48345,1.48145,1.2800,1.2600
16.01.2014 00:06:55.505,1.48344,1.48144,2.3400,2.0800
16.01.2014 00:06:56.760,1.48342,1.48142,2.6500,1.8100
16.01.2014 00:06:58.335,1.48341,1.48141,2.9900,1.5900
16.01.2014 00:06:59.664,1.48339,1.48139,2.1700,2.7900
16.01.2014 00:07:01.132,1.48340,1.48140,2.9300,2.5700
16.01.2014 00:07:02.421,1.48340,1.48140,1.0300,1.3500
16.01.2014 00:07:03.718,1.48338,1.48138,1.5900,1.3000
16.01.2014 00:07:05.160,1.48335,1.48135,2.6100,2.2500
16.01.2014 00:07:06.406,1.48335,1.48135,2.9500,1.4300
16.01.2014 00:07:08.086,1.48336,1.48136,1.5000,2.7200
16.01.2014 00:07:09.299,1.48336,1.48136,2.3300,1.3300
16.01.2014 00:07:10.731,1.48340,1.48140,2.5900,2.2200
16.01.2014 00:07:12.149,1.48341,1.48141,1.4400,2.3800
16.01.2014 00:07:13.607,1.48339,1.48139,2.9500,2.0200
16.01.2014 00:07:15.073,1.48336,1.48136,2.0400,2.0700
16.01.2014 00:07:16.362,1.48337,1.48137,1.6100,1.5000
16.01.2014 00:07:17.884,1.48340,1.48140,2.3500,2.1600
16.01.2014 00:07:19.273,1.48340,1.48140,2.9500,1.0000
16.01.2014 00:07:20.714,1.48339,1.48139,2.1700,1.4600
16.01.2014 00:07:22.290,1.48340,1.48140,2.0600,2.2300
16.01.2014 00:07:23.685,1.48340,1.48140,2.9300,2.1600
16.01.2014 00:07:25.007,1.48341,1.48141,2.2900,2.9800
16.01.2014 00:07:26.303,1.48340,1.48140,2.1300,2.9500
16.01.2014 00:07:27.730,1.48340,1.48140,1.5000,2.8800
16.01.2014 00:07:29.221,1.48340,1.48140,1.2900,1.6100
16.01.2014 00:07:30.437,1.48338,1.48138,1.9300,1.2700
16.01.2014 00:07:31.864,1.48340,1.48140,1.4700,1.9300
16.01.2014 00:07:33.151,1.48338,1.48138,1.6400,2.9000
16.01.2014 00:07:34.564,1.48337,1.48137,1.4700,2.4000
16.01.2014 00:07:36.130,1.48338,1.48138,1.9700,1.2200
16.01.2014 00:07:37.636,1.48339,1.48139,2.5500,1.1600
16.01.2014 00:07:38.976,1.48339,1.48139,2.0200,2.5200
16.01.2014 00:07:40.447,1.48338,1.48138,2.5400,1.4300
16.01.2014 00:07:41.877,1.48339,1.48139,2.8100,2.4500
16.01.2014 00:07:43.096,1.48339,1.48139,1.5300,1.2700
16.01.2014 00:07:44.567,1.48339,1.48139,1.2700,1.3700
16.01.2014 00:07:45.899,1.48340,1.48140,2.5100,1.8600
16.01.2014 00:07:47.303,1.48342,1.48142,2.6600,2.6200
16.01.2014 00:07:48.922,1.48342,1.48142,1.6300,1.8000
16.01.2014 00:07:50.241,1.48342,1.48142,1.2800,1.5200
16.01.2014 00:07:51.732,1.48343,1.48143,1.6700,1.8400
16.01.2014 00:07:53.278,1.48341,1.48141,1.6000,2.4800
16.01.2014 00:07:54.595,1.48340,1.48140,2.1600,2.6600
16.01.2014 00:07:56.088,1.48339,1.48139,2.8500,1.0800
16.01.2014 00:07:57.468,1.48338,1.48138,1.1400,1.6000
16.01.2014 00:07:58.856,1.48339,1.48139,2.2100,1.4200
16.01.2014 00:08:00.304,1.48341,1.48141,2.1300,2.3500
16.01.2014 00:08:01.772,1.48342,1.48142,2.3400,1.2600
16.01.2014 00:08:03.151,1.48345,1.48145,2.0300,1.1600
16.01.2014 00:08:04.639,1.48343,1.48143,1.3400,2.8100
16.01.2014 00:08:05.804,1.48341,1.48141,2.2500,1.7100
16.01.2014 00:08:07.033,1.48341,1.48141,1.4600,1.5200
16.01.2014 00:08:08.247,1.48340,1.48140,2.8300,1.8100
16.01.2014 00:08:09.806,1.48343,1.48143,1.8500,2.7600
16.01.2014 00:08:11.118,1.48345,1.48145,1.3500,2.6900
16.01.2014 00:08:12.548,1.48348,1.48148,1.4900,2.9000
16.01.2014 00:08:13.976,1.48346,1.48146,2.4600,2.7800
16.01.2014 00:08:15.153,1.48348,1.48148,2.7300,1.7300
16.01.2014 00:08:16.615,1.48347,1.48147,1.1000,1.8900
16.01.2014 00:08:18.019,1.48345,1.48145,1.5100,2.2100
16.01.2014 00:08:19.482,1.48346,1.48146,1.6300,1.5900
16.01.2014 00:08:20.839,1.48343,1.48143,2.6300,1.6800
16.01.2014 00:08:22.103,1.48339,1.48139,1.0400,2.9400
16.01.2014 00:08:23.504,1.48339,1.48139,1.2300,2.0200
16.01.2014 00:08:24.716,1.48341,1.48141,1.6800,1.9400
16.01.2014 00:08:26.263,1.48341,1.48141,2.1300,2.6300
16.01.2014 00:08:27.731,1.48343,1.48143,1.6700,1.2700
16.01.2014 00:08:29.102,1.48341,1.48141,2.7200,1.8200
16.01.2014 00:08:30.635,1.48337,1.48137,2.3700,1.4600
16.01.2014 00:08:32.026,1.48335,1.48135,1.5700,2.5100
16.01.2014 00:08:33.550,1.48334,1.48134,1.0700,1.6500
16.01.2014 00:08:34.971,1.48332,1.48132,1.2500,1.3700
16.01.2014 00:08:36.285,1.48331,1.48131,2.6200,2.7700
16.01.2014 00:08:37.718,1.48330,1.48130,1.8500,1.2400
16.01.2014 00:08:39.044,1.48328,1.48128,1.6300,1.6200
16.01.2014 00:08:40.444,1.48327,1.48127,2.0300,2.0200
16.01.2014 00:08:41.800,1.48327,1.48127,2.7300,1.0800
16.01.2014 00:08:43.148,1.48325,1.48125,2.3100,1.5600
16.01.2014 00:08:44.619,1.48325,1.48125,2.1800,2.6500
16.01.2014 00:08:46.121,1.48328,1.48128,1.0300,1.6800
16.01.2014 00:08:47.573,1.48325,1.48125,1.4000,2.9200
16.01.2014 00:08:49.111,1.48323,1.48123,2.5700,1.5700
16.01.2014 00:08:50.778,1.48325,1.48125,2.6300,1.3100
16.01.2014 00:08:52.168,1.48325,1.48125,2.4700,2.3700
16.01.2014 00:08:53.530,1.48327,1.48127,2.1700,1.2800
16.01.2014 00:08:54.767,1.48324,1.48124,1.8800,2.2300
16.01.2014 00:08:56.130,1.48323,1.48123,1.1000,1.4300
16.01.2014 00:08:57.606,1.48322,1.48122,2.1200,2.9200
16.01.2014 00:08:58.960,1.48323,1.48123,1.9200,1.4200
16.01.2014 00:09:00.403,1.48319,1.48119,2.9100,1.9500
16.01.2014 00:09:01.813,1.48320,1.48120,1.4700,1.6300
16.01.2014 00:09:03.330,1.48322,1.48122,2.4600,1.9300
16.01.2014 00:09:04.620,1.48320,1.48120,1.5600,2.6800
16.01.2014 00:09:06.001,1.48319,1.48119,1.3600,2.3500
16.01.2014 00:09:07.555,1.48323,1.48123,2.4700,2.7700
16.01.2014 00:09:09.116,1.48322,1.48122,2.9000,1.2500
16.01.2014 00:09:10.440,1.48323,1.48123,2.7500,1.0700
16.01.2014 00:09:11.793,1.48324,1.48124,1.1700,1.0500
16.01.2014 00:09:13.133,1.48324,1.48124,2.2100,2.0700
16.01.2014 00:09:14.712,1.48324,1.48124,1.0500,1.8800
16.01.2014 00:09:16.008,1.48326,1.48126,1.6900,2.9200
16.01.2014 00:09:17.397,1.48326,1.48126,2.3300,2.0200
16.01.2014 00:09:18.709,1.48325,1.48125,3.0000,1.7000
16.01.2014 00:09:19.985,1.48323,1.48123,1.7900,2.5000
16.01.2014 00:09:21.318,1.48321,1.48121,2.0100,1.1600
16.01.2014 00:09:22.781,1.48319,1.48119,2.6500,2.5600
16.01.2014 00:09:24.356,1.48321,1.48121,1.6800,2.5300
16.01.2014 00:09:25.945,1.48322,1.48122,1.1900,2.9100
16.01.2014 00:09:27.309,1.48322,1.48122,1.4100,1.6600
16.01.2014 00:09:28.804,1.48323,1.48123,1.0700,2.1300
16.01.2014 00:09:30.227,1.48324,1.48124,1.5500,1.1700
16.01.2014 00:09:31.863,1.48322,1.48122,2.8400,1.3500
16.01.2014 00:09:33.323,1.48323,1.48123,2.6700,1.3600
16.01.2014 00:09:34.687,1.48324,1.48124,2.0000,2.9400
16.01.2014 00:09:36.139,1.48324,1.48124,2.4800,1.3000
16.01.2014 00:09:37.553,1.48324,1.48124,2.4900,1.1500
16.01.2014 00:09:38.827,1.48325,1.48125,2.2100,1.8600
16.01.2014 00:09:40.394,1.48324,1.48124,2.3600,1.1200
16.01.2014 00:09:41.599,1.48324,1.48124,1.6600,2.6500
16.01.2014 00:09:43.139,1.48324,1.48124,2.3600,2.8100
16.01.2014 00:09:44.425,1.48327,1.48127,1.4000,1.2100
16.01.2014 00:09:46.060,1.48325,1.48125,2.9200,1.5600
16.01.2014 00:09:47.519,1.48320,1.48120,2.9600,1.7300
16.01.2014 00:09:48.966,1.48321,1.48121,2.1900,2.5500
16.01.2014 00:09:50.575,1.48323,1.48123,2.6900,1.9800
16.01.2014 00:09:52.070,1.48322,1.48122,1.5300,1.5800
16.01.2014 00:09:53.464,1.48325,1.48125,2.8500,1.2000
16.01.2014 00:09:54.737,1.48325,1.48125,1.9300,2.2200
16.01.2014 00:09:56.149,1.48323,1.48123,1.2000,2.2800
16.01.2014 00:09:57.568,1.48325,1.48125,1.7900,1.1300
16.01.2014 00:09:58.938,1.48325,1.48125,1.0200,1.4900
16.01.2014 00:10:00.372,1.48324,1.48124,1.0700,2.2300
16.01.2014 00:10:01.679,1.48322,1.48122,1.8500,2.2400
16.01.2014 00:10:03.137,1.48321,1.48121,1.6400,2.7700
16.01.2014 00:10:04.551,1.48323,1.48123,2.9100,2.7400
16.01.2014 00:10:06.079,1.48326,1.48126,1.9000,2.9600
16.01.2014 00:10:07.562,1.48324,1.48124,2.4900,2.6600
16.01.2014 00:10:08.984,1.48326,1.48126,1.3900,1.9500
16.01.2014 00:10:10.497,1.48324,1.48124,2.2800,2.2600
16.01.2014 00:10:11.995,1.48324,1.48124,2.4900,2.0300
16.01.2014 00:10:13.429,1.48324,1.48124,2.4100,2.1600
16.01.2014 00:10:14.820,1.48323,1.48123,1.7800,1.7800
16.01.2014 00:10:16.319,1.48323,1.48123,2.0100,1.8800
16.01.2014 00:10:17.713,1.48324,1.48124,2.6600,1.9500
16.01.2014 00:10:19.141,1.48322,1.48122,2.6400,1.5500
16.01.2014 00:10:20.602,1.48325,1.48125,2.1600,1.0600
16.01.2014 00:10:21.788,1.48325,1.48125,1.2100,2.4200
16.01.2014 00:10:23.151,1.48326,1.48126,1.8600,1.6900
16.01.2014 00:10:24.796,1.48324,1.48124,1.3300,2.4900
16.01.2014 00:10:26.264,1.48324,1.48124,2.0600,1.9900
16.01.2014 00:10:27.751,1.48324,1.48124,2.1100,1.1900
16.01.2014 00:10:28.976,1.48324,1.48124,2.0300,2.6900
16.01.2014 00:10:30.374,1.48325,1.48125,1.2700,2.6600
16.01.2014 00:10:31.709,1.48326,1.48126,1.4400,1.0900
16.01.2014 00:10:33.418,1.48325,1.48125,1.0200,1.0600
16.01.2014 00:10:34.947,1.48326,1.48126,1.1100,2.8000
16.01.2014 00:10:36.130,1.48327,1.48127,2.7800,1.6100
16.01.2014 00:10:37.728,1.48324,1.48124,1.9400,1.3400
16.01.2014 00:10:39.276,1.48321,1.48121,2.8700,1.5600
16.01.2014 00:10:40.760,1.48321,1.48121,1.9600,2.9000
16.01.2014 00:10:42.058,1.48322,1.48122,2.1800,1.0600
16.01.2014 00:10:43.485,1.48320,1.48120,1.9800,2.7200
16.01.2014 00:10:45.185,1.48320,1.48120,2.3700,1.8300
16.01.2014 00:10:46.378,1.48322,1.48122,2.6800,2.6100
16.01.2014 00:10:47.666,1.48322,1.48122,1.8400,1.1600
16.01.2014 00:10:48.790,1.48324,1.48124,1.9500,2.2600
16.01.2014 00:10:50.235,1.48327,1.48127,1.4700,2.3500
16.01.2014 00:10:51.549,1.48327,1.48127,2.8300,2.3100
16.01.2014 00:10:53.129,1.48324,1.48124,2.6100,1.7200
16.01.2014 00:10:54.520,1.48326,1.48126,2.1800,2.4700
16.01.2014 00:10:55.894,1.48326,1.48126,1.1700,2.8200
16.01.2014 00:10:57.562,1.48327,1.48127,1.4200,2.1700
16.01.2014 00:10:58.937,1.48326,1.48126,2.6000,1.3000
16.01.2014 00:11:00.496,1.48329,1.48129,3.0000,2.9800
16.01.2014 00:11:01.731,1.48331,1.48131,1.9100,2.8400
16.01.2014 00:11:03.112,1.48327,1.48127,1.0000,1.1500
16.01.2014 00:11:04.543,1.48328,1.48128,1.7200,2.1700
16.01.2014 00:11:06.072,1.48328,1.48128,1.4300,1.8400
16.01.2014 00:11:07.345,1.48328,1.48128,1.3200,2.7900
16.01.2014 00:11:08.839,1.48329,1.48129,2.5200,1.4900
16.01.2014 00:11:10.196,1.48328,1.48128,1.3800,1.0100
16.01.2014 00:11:11.406,1.48329,1.48129,1.9900,1.1200
16.01.2014 00:11:12.781,1.48327,1.48127,1.9800,1.8400
16.01.2014 00:11:13.958,1.48327,1.48127,1.9500,1.1800
16.01.2014 00:11:15.394,1.48326,1.48126,2.0100,1.8800
16.01.2014 00:11:16.650,1.48324,1.48124,2.3700,2.5400
16.01.2014 00:11:17.993,1.48322,1.48122,1.5700,2.1500
16.01.2014 00:11:19.425,1.48322,1.48122,1.3700,2.5000
16.01.2014 00:11:20.757,1.48320,1.48120,2.4700,2.9900
16.01.2014 00:11:22.103,1.48318,1.48118,2.5700,1.1500
16.01.2014 00:11:23.598,1.48319,1.48119,2.7200,2.4700
16.01.2014 00:11:25.072,1.48318,1.48118,2.2400,1.1700
16.01.2014 00:11:26.565,1.48316,1.48116,2.8100,1.7100
16.01.2014 00:11:27.940,1.48316,1.48116,1.8400,1.7400
16.01.2014 00:11:29.377,1.48317,1.48117,2.0200,1.1000
16.01.2014 00:11:30.806,1.48321,1.48121,1.7500,2.7500
16.01.2014 00:11:32.146,1.48319,1.48119,2.1800,1.9400
16.01.2014 00:11:33.404,1.48320,1.48120,1.0900,1.9100
16.01.2014 00:11:34.768,1.48317,1.48117,2.9500,1.3900
16.01.2014 00:11:36.357,1.48319,1.48119,1.8700,1.1900
16.01.2014 00:11:37.764,1.48319,1.48119,2.8000,1.5300
16.01.2014 00:11:39.256,1.48320,1.48120,2.3800,2.1700
16.01.2014 00:11:40.852,1.48318,1.48118,1.2000,2.1700
16.01.2014 00:11:42.323,1.48315,1.48115,2.3400,2.2500
16.01.2014 00:11:43.848,1.48318,1.48118,1.8800,2.5100
16.01.2014 00:11:45.195,1.48318,1.48118,2.4000,1.3800
16.01.2014 00:11:46.632,1.48316,1.48116,2.6000,2.6200
16.01.2014 00:11:48.098,1.48315,1.48115,2.8600,1.5100
16.01.2014 00:11:49.466,1.48313,1.48113,2.2500,1.0900
16.01.2014 00:11:50.933,1.48311,1.48111,2.3600,2.8300
16.01.2014 00:11:52.324,1.48310,1.48110,1.2400,2.1200
16.01.2014 00:11:53.805,1.48313,1.48113,1.8500,1.9600
16.01.2014 00:11:55.214,1.48317,1.48117,1.4300,2.1500
16.01.2014 00:11:56.762,1.48319,1.48119,2.6400,2.2900
16.01.2014 00:11:57.931,1.48318,1.48118,2.7500,1.1900
16.01.2014 00:11:59.426,1.48318,1.48118,1.7100,2.9200
16.01.2014 00:12:00.719,1.48317,1.48117,2.5800,2.1700
16.01.2014 00:12:01.927,1.48318,1.48118,2.3000,2.2700
16.01.2014 00:12:03.293,1.48321,1.48121,1.4400,1.2400
16.01.2014 00:12:04.578,1.48321,1.48121,2.2500,2.9500
16.01.2014 00:12:05.913,1.48322,1.48122,2.9400,2.2900
16.01.2014 00:12:07.363,1.48323,1.48123,2.3300,2.2600
16.01.2014 00:12:08.961,1.48322,1.48122,2.8100,2.2700
16.01.2014 00:12:10.341,1.48324,1.48124,2.7400,1.6300
16.01.2014 00:12:11.681,1.48322,1.48122,2.3400,1.4000
16.01.2014 00:12:13.066,1.48322,1.48122,1.5500,2.9900
16.01.2014 00:12:14.402,1.48323,1.48123,2.6900,2.4500
16.01.2014 00:12:15.820,1.48323,1.48123,2.1900,1.5800
16.01.2014 00:12:17.224,1.48324,1.48124,1.3500,1.1900
16.01.2014 00:12:18.502,1.48324,1.48124,2.0800,1.9100
16.01.2014 00:12:19.837,1.48321,1.48121,1.6200,2.8900
16.01.2014 00:12:21.147,1.48320,1.48120,2.3900,2.7800
16.01.2014 00:12:22.359,1.48320,1.48120,2.5900,1.3400
16.01.2014 00:12:23.804,1.48319,1.48119,2.9700,2.1200
16.01.2014 00:12:25.217,1.48318,1.48118,1.5100,2.1200
16.01.2014 00:12:26.613,1.48319,1.48119,1.3800,1.5100
16.01.2014 00:12:28.054,1.48320,1.48120,1.2700,1.1200
16.01.2014 00:12:29.471,1.48323,1.48123,1.7300,2.4100
16.01.2014 00:12:30.931,1.48322,1.48122,1.8500,2.4600
16.01.2014 00:12:32.351,1.48323,1.48123,2.8100,2.0400
16.01.2014 00:12:33.674,1.48324,1.48124,2.6800,2.8500
16.01.2014 00:12:35.063,1.48322,1.48122,1.5100,1.5100
16.01.2014 00:12:36.272,1.48321,1.48121,1.3800,1.2700
16.01.2014 00:12:37.687,1.48320,1.48120,1.8700,2.5900
16.01.2014 00:12:38.832,1.48323,1.48123,1.5600,2.5400
16.01.2014 00:12:40.453,1.48323,1.48123,2.7100,2.8200
16.01.2014 00:12:41.829,1.48321,1.48121,1.3100,2.8000
16.01.2014 00:12:43.203,1.48321,1.48121,1.5300,2.7300
16.01.2014 00:12:44.523,1.48323,1.48123,2.2400,2.1500
16.01.2014 00:12:46.007,1.48323,1.48123,2.3500,1.4800
16.01.2014 00:12:47.350,1.48325,1.48125,1.4800,1.6000
16.01.2014 00:12:48.796,1.48321,1.48121,1.5300,1.0600
16.01.2014 00:12:50.125,1.48323,1.48123,2.8400,2.1300
16.01.2014 00:12:51.369,1.48319,1.48119,2.9500,2.3000
16.01.2014 00:12:52.859,1.48320,1.48120,2.4600,1.4500
16.01.2014 00:12:54.181,1.48319,1.48119,2.7500,2.0100
16.01.2014 00:12:55.459,1.48319,1.48119,1.9500,2.5700
16.01.2014 00:12:56.886,1.48319,1.48119,1.6800,2.6600
16.01.2014 00:12:58.247,1.48321,1.48121,1.1600,2.7000
16.01.2014 00:12:59.513,1.48323,1.48123,2.4600,2.2600
16.01.2014 00:13:00.777,1.48322,1.48122,2.2300,2.1200
16.01.2014 00:13:02.175,1.48324,1.48124,1.2200,2.9300
16.01.2014 00:13:03.585,1.48324,1.48124,2.4800,2.8100
16.01.2014 00:13:05.087,1.48326,1.48126,1.9300,2.4300
16.01.2014 00:13:06.507,1.48327,1.48127,2.4500,1.9800
16.01.2014 00:13:07.976,1.48326,1.48126,2.2900,1.0400
16.01.2014 00:13:09.485,1.48327,1.48127,2.7300,2.1100
16.01.2014 00:13:10.905,1.48325,1.48125,2.9000,1.1100
16.01.2014 00:13:12.397,1.48324,1.48124,2.0500,2.5000
16.01.2014 00:13:13.681,1.48327,1.48127,2.5400,1.4100
16.01.2014 00:13:15.021,1.48328,1.48128,1.8800,2.4200
16.01.2014 00:13:16.348,1.48327,1.48127,2.1600,1.6500
16.01.2014 00:13:17.771,1.48327,1.48127,2.6600,2.8900
16.01.2014 00:13:19.035,1.48325,1.48125,1.2400,2.6100
16.01.2014 00:13:20.441,1.48325,1.48125,2.0600,2.5100
16.01.2014 00:13:22.011,1.48325,1.48125,2.4300,2.2200
16.01.2014 00:13:23.409,1.48324,1.48124,2.7900,1.4900
16.01.2014 00:13:24.883,1.48322,1.48122,2.2100,1.3600
16.01.2014 00:13:26.347,1.48322,1.48122,1.5900,1.2400
16.01.2014 00:13:27.788,1.48323,1.48123,1.2700,2.9800
16.01.2014 00:13:29.230,1.48324,1.48124,2.7500,2.6400
16.01.2014 00:13:30.427,1.48323,1.48123,2.5800,2.1800
16.01.2014 00:13:31.851,1.48321,1.48121,1.8300,1.1700
16.01.2014 00:13:33.374,1.48324,1.48124,1.4500,2.7600
16.01.2014 00:13:34.758,1.48326,1.48126,1.4100,2.7400
16.01.2014 00:13:36.099,1.48324,1.48124,1.4500,1.9600
16.01.2014 00:13:37.350,1.48321,1.48121,1.3800,1.7900
16.01.2014 00:13:38.704,1.48321,1.48121,2.4600,1.7800
16.01.2014 00:13:39.934,1.48323,1.48123,1.6900,1.4100
16.01.2014 00:13:41.378,1.48323,1.48123,1.8700,2.5500
16.01.2014 00:13:42.694,1.48324,1.48124,2.8300,1.2100
16.01.2014 00:13:43.987,1.48325,1.48125,1.3000,2.2100
16.01.2014 00:13:45.298,1.48325,1.48125,2.7800,2.6700
16.01.2014 00:13:46.758,1.48324,1.48124,2.8700,2.3300
16.01.2014 00:13:48.300,1.48325,1.48125,2.0600,2.0900
16.01.2014 00:13:49.734,1.48325,1.48125,2.8000,2.9800
16.01.2014 00:13:50.887,1.48328,1.48128,2.8100,2.6700
16.01.2014 00:13:52.230,1.48327,1.48127,2.8400,2.0400
16.01.2014 00:13:53.737,1.48328,1.48128,1.5400,2.6100
16.01.2014 00:13:55.137,1.48329,1.48129,2.7900,2.8800
16.01.2014 00:13:56.513,1.48331,1.48131,1.4700,2.6400
16.01.2014 00:13:57.850,1.48332,1.48132,1.0900,1.8400
16.01.2014 00:13:59.228,1.48334,1.48134,1.7300,1.7300
16.01.2014 00:14:00.528,1.48333,1.48133,1.5700,1.9500
16.01.2014 00:14:01.875,1.48332,1.48132,1.1100,1.9500
16.01.2014 00:14:03.269,1.48334,1.48134,1.3600,2.7200
16.01.2014 00:14:04.392,1.48335,1.48135,1.2100,2.9700
16.01.2014 00:14:05.681,1.48334,1.48134,1.7600,2.4800
16.01.2014 00:14:07.146,1.48334,1.48134,1.4700,2.5800
16.01.2014 00:14:08.514,1.48338,1.48138,1.2000,1.9500
16.01.2014 00:14:09.899,1.48337,1.48137,1.3100,1.1300
16.01.2014 00:14:11.467,1.48337,1.48137,2.7200,1.8500
16.01.2014 00:14:12.682,1.48336,1.48136,2.4500,2.3800
16.01.2014 00:14:13.801,1.48336,1.48136,1.7700,2.3300
16.01.2014 00:14:15.166,1.48337,1.48137,2.7000,2.7600
16.01.2014 00:14:16.491,1.48335,1.48135,2.2200,1.5300
16.01.2014 00:14:17.709,1.48337,1.48137,2.9800,1.0800
16.01.2014 00:14:19.004,1.48340,1.48140,1.0200,2.6500
16.01.2014 00:14:20.411,1.48337,1.48137,2.7700,1.5100
16.01.2014 00:14:21.805,1.48338,1.48138,2.5800,2.2100
16.01.2014 00:14:23.166,1.48338,1.48138,2.0100,1.2200
16.01.2014 00:14:24.444,1.48339,1.48139,1.3200,2.7200
16.01.2014 00:14:25.987,1.48339,1.48139,1.0800,1.2400
16.01.2014 00:14:27.226,1.48335,1.48135,1.6600,2.1100
16.01.2014 00:14:28.740,1.48336,1.48136,2.7700,1.2900
16.01.2014 00:14:30.132,1.48336,1.48136,1.4300,1.5400
16.01.2014 00:14:31.419,1.48336,1.48136,2.1500,1.4900
16.01.2014 00:14:32.865,1.48337,1.48137,1.9400,1.6600
16.01.2014 00:14:34.390,1.48337,1.48137,2.6200,1.8200
16.01.2014 00:14:35.812,1.48338,1.48138,1.6600,1.9600
16.01.2014 00:14:37.407,1.48338,1.48138,1.9000,1.0500
16.01.2014 00:14:38.905,1.48336,1.48136,1.6100,1.2900
16.01.2014 00:14:40.161,1.48336,1.48136,1.4500,1.0300
16.01.2014 00:14:41.532,1.48336,1.48136,1.7900,2.9900
16.01.2014 00:14:42.922,1.48337,1.48137,2.6900,1.3300
16.01.2014 00:14:44.220,1.48341,1.48141,1.5500,2.4100
16.01.2014 00:14:45.510,1.48342,1.48142,1.9100,2.3400
16.01.2014 00:14:46.758,1.48344,1.48144,1.8300,1.9900
16.01.2014 00:14:47.988,1.48344,1.48144,1.9300,1.8100
16.01.2014 00:14:49.227,1.48344,1.48144,2.5400,2.1400
16.01.2014 00:14:50.636,1.48348,1.48148,2.0300,1.9100
16.01.2014 00:14:51.976,1.48348,1.48148,2.3400,2.5200
16.01.2014 00:14:53.219,1.48348,1.48148,2.3300,1.3000
16.01.2014 00:14:54.594,1.48346,1.48146,2.5300,1.8900
16.01.2014 00:14:56.131,1.48346,1.48146,1.3500,1.0100
16.01.2014 00:14:57.666,1.48347,1.48147,1.9100,2.2300
16.01.2014 00:14:59.219,1.48347,1.48147,1.3800,2.1600
16.01.2014 00:15:00.542,1.48345,1.48145,1.8800,2.3300
16.01.2014 00:15:01.861,1.48346,1.48146,2.5400,1.8600
16.01.2014 00:15:03.298,1.48348,1.48148,2.3400,1.6900
16.01.2014 00:15:04.733,1.48349,1.48149,1.2400,2.5100
16.01.2014 00:15:06.046,1.48349,1.48149,2.8900,1.7700
16.01.2014 00:15:07.458,1.48346,1.48146,2.4300,1.3300
16.01.2014 00:15:08.784,1.48347,1.48147,2.0600,2.8700
16.01.2014 00:15:10.246,1.48346,1.48146,1.8300,2.9600
16.01.2014 00:15:11.717,1.48345,1.48145,2.8600,2.8300
16.01.2014 00:15:13.161,1.48344,1.48144,1.0300,1.1400
16.01.2014 00:15:14.551,1.48344,1.48144,1.5500,1.1700
16.01.2014 00:15:15.930,1.48346,1.48146,1.1500,2.2100
16.01.2014 00:15:17.209,1.48346,1.48146,1.6200,2.1600
16.01.2014 00:15:18.564,1.48346,1.48146,2.7100,2.4900
16.01.2014 00:15:20.048,1.48347,1.48147,1.1900,2.9500
16.01.2014 00:15:21.389,1.48346,1.48146,2.7000,1.2200
16.01.2014 00:15:22.590,1.48346,1.48146,1.5800,1.2800
16.01.2014 00:15:24.025,1.48345,1.48145,1.8500,2.5400
16.01.2014 00:15:25.526,1.48346,1.48146,2.1300,1.1600
16.01.2014 00:15:26.696,1.48345,1.48145,1.3900,2.2400
16.01.2014 00:15:27.945,1.48344,1.48144,2.9800,1.9300
16.01.2014 00:15:29.401,1.48345,1.48145,2.4700,1.9300
16.01.2014 00:15:30.510,1.48345,1.48145,1.0600,2.7300
16.01.2014 00:15:32.064,1.48343,1.48143,2.7800,2.0100
16.01.2014 00:15:33.475,1.48342,1.48142,2.1700,1.3000
16.01.2014 00:15:34.880,1.48340,1.48140,1.2300,1.8300
16.01.2014 00:15:36.355,1.48340,1.48140,2.5500,1.2600
16.01.2014 00:15:37.634,1.48340,1.48140,2.5000,2.0400
16.01.2014 00:15:39.127,1.48341,1.48141,1.8600,1.5200
16.01.2014 00:15:40.671,1.48341,1.48141,2.4100,1.6800
16.01.2014 00:15:42.117,1.48343,1.48143,2.8700,2.3300
16.01.2014 00:15:43.494,1.48342,1.48142,2.6000,2.8000
16.01.2014 00:15:45.017,1.48342,1.48142,1.2800,1.6300
16.01.2014 00:15:46.531,1.48341,1.48141,2.9800,1.9100
16.01.2014 00:15:47.947,1.48340,1.48140,1.1100,2.2600
16.01.2014 00:15:49.325,1.48341,1.48141,1.3400,2.3100
16.01.2014 00:15:50.723,1.48341,1.48141,1.4000,1.2400
16.01.2014 00:15:52.032,1.48341,1.48141,2.3700,2.6100
16.01.2014 00:15:53.399,1.48342,1.48142,1.7100,2.4700
16.01.2014 00:15:54.790,1.48344,1.48144,2.0000,1.5200
16.01.2014 00:15:56.240,1.48343,1.48143,1.5400,1.9900
16.01.2014 00:15:57.507,1.48344,1.48144,1.4400,2.4300
16.01.2014 00:15:59.023,1.48344,1.48144,2.7500,1.5300
16.01.2014 00:16:00.053,1.48344,1.48144,2.9200,2.2000
16.01.2014 00:16:01.402,1.48345,1.48145,2.2600,1.4100
16.01.2014 00:16:02.923,1.48345,1.48145,1.7100,1.8700
16.01.2014 00:16:04.256,1.48342,1.48142,1.8600,2.2300
16.01.2014 00:16:05.641,1.48341,1.48141,1.0300,1.6500
16.01.2014 00:16:07.049,1.48344,1.48144,2.1400,2.4600
16.01.2014 00:16:08.424,1.48344,1.48144,1.6800,1.3100
16.01.2014 00:16:09.968,1.48344,1.48144,2.2300,1.1900
16.01.2014 00:16:11.296,1.48345,1.48145,2.0700,2.4100
16.01.2014 00:16:12.642,1.48343,1.48143,1.4100,2.5100
16.01.2014 00:16:13.893,1.48342,1.48142,1.2400,2.1000
16.01.2014 00:16:15.326,1.48343,1.48143,2.7700,2.5500
16.01.2014 00:16:16.708,1.48345,1.48145,2.2700,1.9500
16.01.2014 00:16:18.381,1.48345,1.48145,1.3000,1.9600
16.01.2014 00:16:19.657,1.48345,1.48145,2.3200,2.0400
16.01.2014 00:16:21.131,1.48345,1.48145,2.2600,1.2000
16.01.2014 00:16:22.579,1.48345,1.48145,1.6100,2.3700
16.01.2014 00:16:24.037,1.48344,1.48144,2.6400,2.2400
16.01.2014 00:16:25.489,1.48345,1.48145,1.3500,2.7600
16.01.2014 00:16:27.114,1.48346,1.48146,2.8600,1.9900
16.01.2014 00:16:28.472,1.48347,1.48147,2.9200,1.2200
16.01.2014 00:16:29.996,1.48347,1.48147,2.5400,1.6400
16.01.2014 00:16:31.377,1.48347,1.48147,2.0400,1.8700
16.01.2014 00:16:32.820,1.48350,1.48150,1.7900,1.7700
16.01.2014 00:16:34.245,1.48350,1.48150,2.8900,1.3500
16.01.2014 00:16:35.463,1.48349,1.48149,2.8100,1.2200
16.01.2014 00:16:36.844,1.48350,1.48150,2.8600,1.0100
16.01.2014 00:16:38.251,1.48348,1.48148,2.7200,2.0200
16.01.2014 00:16:39.571,1.48349,1.48149,2.3300,1.3500
16.01.2014 00:16:40.844,1.48348,1.48148,1.9400,2.0200
16.01.2014 00:16:42.319,1.48346,1.48146,2.0700,2.5200
16.01.2014 00:16:43.601,1.48348,1.48148,2.4900,2.1700
16.01.2014 00:16:44.735,1.48350,1.48150,1.5300,1.9300
16.01.2014 00:16:46.204,1.48350,1.48150,2.8200,1.9900
16.01.2014 00:16:47.610,1.48350,1.48150,2.7400,1.2600
16.01.2014 00:16:48.979,1.48351,1.48151,2.1600,1.6600
16.01.2014 00:16:50.196,1.48351,1.48151,2.5500,2.7800
16.01.2014 00:16:51.484,1.48352,1.48152,1.5600,1.6000
16.01.2014 00:16:52.979,1.48353,1.48153,2.4400,2.9600
16.01.2014 00:16:54.548,1.48354,1.48154,1.2500,2.8500
16.01.2014 00:16:55.758,1.48353,1.48153,1.9100,1.6100
16.01.2014 00:16:57.020,1.48352,1.48152,2.4900,1.9600
16.01.2014 00:16:58.417,1.48353,1.48153,2.8800,1.2900
16.01.2014 00:16:59.844,1.48354,1.48154,1.8300,1.3400
16.01.2014 00:17:01.217,1.48353,1.48153,1.8400,2.8400
16.01.2014 00:17:02.806,1.48357,1.48157,1.2800,1.2000
16.01.2014 00:17:04.219,1.48358,1.48158,1.9700,2.5200
16.01.2014 00:17:05.618,1.48359,1.48159,2.8600,1.3400
16.01.2014 00:17:07.078,1.48360,1.48160,2.1500,2.7800
16.01.2014 00:17:08.473,1.48363,1.48163,1.0200,2.2400
16.01.2014 00:17:09.733,1.48362,1.48162,2.0200,1.3500
16.01.2014 00:17:10.947,1.48364,1.48164,1.3300,2.2400
16.01.2014 00:17:12.493,1.48363,1.48163,1.8400,2.1000
16.01.2014 00:17:13.900,1.48363,1.48163,2.6600,1.8900
16.01.2014 00:17:15.218,1.48360,1.48160,1.9600,1.8500
16.01.2014 00:17:16.663,1.48363,1.48163,2.9500,2.0300
16.01.2014 00:17:17.832,1.48365,1.48165,2.1000,2.7600
16.01.2014 00:17:19.135,1.48366,1.48166,2.9600,1.0000
16.01.2014 00:17:20.507,1.48367,1.48167,2.1700,2.0500
16.01.2014 00:17:21.838,1.48365,1.48165,1.3800,2.8100
16.01.2014 00:17:23.260,1.48364,1.48164,1.7800,2.5000
16.01.2014 00:17:24.860,1.48366,1.48166,1.7200,1.6500
16.01.2014 00:17:26.178,1.48365,1.48165,2.6800,2.6300
16.01.2014 00:17:27.663,1.48362,1.48162,2.4300,2.1800
16.01.2014 00:17:28.996,1.48363,1.48163,1.5900,2.6300
16.01.2014 00:17:30.355,1.48363,1.48163,1.7900,2.4400
16.01.2014 00:17:31.706,1.48361,1.48161,2.9300,2.2500
16.01.2014 00:17:32.937,1.48358,1.48158,1.3600,2.9900
16.01.2014 00:17:34.316,1.48355,1.48155,1.3900,2.8100
16.01.2014 00:17:35.652,1.48355,1.48155,2.3600,2.5700
16.01.2014 00:17:37.029,1.48358,1.48158,2.8300,1.0600
16.01.2014 00:17:38.388,1.48357,1.48157,2.4300,2.7700
16.01.2014 00:17:39.809,1.48357,1.48157,1.7700,2.7400
16.01.2014 00:17:41.097,1.48355,1.48155,1.8300,1.0200
16.01.2014 00:17:42.441,1.48354,1.48154,1.1300,1.2000
16.01.2014 00:17:43.790,1.48352,1.48152,2.5800,1.2800
16.01.2014 00:17:45.058,1.48353,1.48153,2.7800,2.3000
16.01.2014 00:17:46.594,1.48352,1.48152,2.8800,1.7300
16.01.2014 00:17:47.954,1.48353,1.48153,2.0100,1.5200
16.01.2014 00:17:49.376,1.48352,1.48152,2.9500,2.1200
16.01.2014 00:17:50.723,1.48351,1.48151,2.2600,1.0200
16.01.2014 00:17:52.184,1.48354,1.48154,2.5200,1.8300
16.01.2014 00:17:53.577,1.48355,1.48155,1.1000,2.1600
16.01.2014 00:17:54.981,1.48357,1.48157,2.0700,2.5400
16.01.2014 00:17:56.287,1.48357,1.48157,2.0000,2.3800
16.01.2014 00:17:57.651,1.48355,1.48155,1.4200,1.4500
16.01.2014 00:17:59.121,1.48355,1.48155,1.6700,1.0600
16.01.2014 00:18:00.617,1.48356,1.48156,2.1300,2.5600
16.01.2014 00:18:02.139,1.48357,1.48157,1.9300,1.7000
16.01.2014 00:18:03.314,1.48357,1.48157,1.2500,2.9300
16.01.2014 00:18:04.777,1.48354,1.48154,1.4100,1.6000
16.01.2014 00:18:06.266,1.48355,1.48155,1.1500,1.5500
16.01.2014 00:18:07.644,1.48355,1.48155,2.6500,2.4600
16.01.2014 00:18:08.984,1.48356,1.48156,2.8000,1.1800
16.01.2014 00:18:10.338,1.48357,1.48157,1.7700,1.4300
16.01.2014 00:18:11.904,1.48356,1.48156,2.3400,2.4000
16.01.2014 00:18:13.313,1.48359,1.48159,2.2700,1.3800
16.01.2014 00:18:14.688,1.48360,1.48160,2.2800,2.9300
16.01.2014 00:18:16.152,1.48362,1.48162,1.8000,2.4400
16.01.2014 00:18:17.475,1.48362,1.48162,1.7800,2.5800
16.01.2014 00:18:18.891,1.48361,1.48161,2.0400,2.0400
16.01.2014 00:18:20.078,1.48360,1.48160,2.5300,2.6700
16.01.2014 00:18:21.479,1.48362,1.48162,1.2100,2.6800
16.01.2014 00:18:23.162,1.48364,1.48164,1.4000,1.8100
16.01.2014 00:18:24.584,1.48362,1.48162,1.8200,2.7600
16.01.2014 00:18:25.908,1.48361,1.48161,2.2800,1.5800
16.01.2014 00:18:27.406,1.48364,1.48164,2.1800,1.9000
16.01.2014 00:18:28.864,1.48366,1.48166,2.8300,1.5200
16.01.2014 00:18:30.249,1.48365,1.48165,1.9300,2.4700
16.01.2014 00:18:31.623,1.48368,1.48168,2.1600,1.9700
16.01.2014 00:18:33.094,1.48368,1.48168,2.7600,1.5200
16.01.2014 00:18:34.610,1.48366,1.48166,1.9000,2.6500
16.01.2014 00:18:36.107,1.48366,1.48166,2.0800,1.3800
16.01.2014 00:18:37.426,1.48366,1.48166,1.8500,2.7600
16.01.2014 00:18:38.866,1.48366,1.48166,1.0200,1.4900
16.01.2014 00:18:40.206,1.48368,1.48168,2.2300,2.0500
16.01.2014 00:18:41.719,1.48368,1.48168,2.0500,1.3500
16.01.2014 00:18:43.029,1.48369,1.48169,1.5700,1.7000
16.01.2014 00:18:44.454,1.48370,1.48170,1.0000,2.1600
16.01.2014 00:18:45.733,1.48371,1.48171,2.3200,1.1200
16.01.2014 00:18:47.398,1.48372,1.48172,1.5900,1.5400
16.01.2014 00:18:48.876,1.48372,1.48172,2.4100,1.8600
16.01.2014 00:18:50.426,1.48370,1.48170,1.6700,2.9400
16.01.2014 00:18:51.774,1.48370,1.48170,2.0100,1.2800
16.01.2014 00:18:53.382,1.48368,1.48168,2.1700,1.8700
16.01.2014 00:18:54.775,1.48366,1.48166,1.7700,2.3900
16.01.2014 00:18:56.294,1.48366,1.48166,1.7300,2.9100
16.01.2014 00:18:57.694,1.48369,1.48169,2.3700,1.8700
16.01.2014 00:18:59.071,1.48367,1.48167,2.1700,1.0900
16.01.2014 00:19:00.583,1.48362,1.48162,1.2000,1.2900
16.01.2014 00:19:01.981,1.48363,1.48163,2.2500,1.2300
16.01.2014 00:19:03.261,1.48364,1.48164,2.8900,1.5900
16.01.2014 00:19:04.711,1.48364,1.48164,1.8200,1.6800
16.01.2014 00:19:05.940,1.48360,1.48160,1.9300,2.7800
16.01.2014 00:19:07.384,1.48361,1.48161,2.8600,1.0800
16.01.2014 00:19:08.789,1.48362,1.48162,1.6300,1.2800
16.01.2014 00:19:10.272,1.48363,1.48163,1.8600,2.8100
16.01.2014 00:19:11.778,1.48364,1.48164,1.7700,2.8700
16.01.2014 00:19:13.196,1.48362,1.48162,1.0300,2.5700
16.01.2014 00:19:14.509,1.48361,1.48161,2.4600,2.9100
16.01.2014 00:19:15.894,1.48362,1.48162,1.3100,1.0600
16.01.2014 00:19:17.157,1.48362,1.48162,2.6800,2.3400
16.01.2014 00:19:18.527,1.48364,1.48164,2.6000,1.8300
16.01.2014 00:19:20.049,1.48361,1.48161,2.2700,2.4900
16.01.2014 00:19:21.386,1.48362,1.48162,2.9000,2.1200
16.01.2014 00:19:22.952,1.48362,1.48162,2.0100,1.6200
16.01.2014 00:19:24.518,1.48366,1.48166,1.7600,2.5200
16.01.2014 00:19:25.979,1.48366,1.48166,2.7800,1.1400
16.01.2014 00:19:27.454,1.48367,1.48167,2.4500,1.0700
16.01.2014 00:19:29.090,1.48368,1.48168,1.1300,1.0400
16.01.2014 00:19:30.585,1.48370,1.48170,2.5100,2.6200
16.01.2014 00:19:31.927,1.48369,1.48169,2.5000,2.8000
16.01.2014 00:19:33.378,1.48371,1.48171,1.3600,1.9400
16.01.2014 00:19:34.721,1.48370,1.48170,1.2500,1.6500
16.01.2014 00:19:36.077,1.48370,1.48170,2.1100,2.4300
16.01.2014 00:19:37.373,1.48371,1.48171,1.4200,1.5000
16.01.2014 00:19:38.815,1.48370,1.48170,2.3000,2.4500
16.01.2014 00:19:40.233,1.48373,1.48173,1.9200,2.9800
16.01.2014 00:19:41.713,1.48372,1.48172,2.8500,1.6500
16.01.2014 00:19:43.071,1.48375,1.48175,2.1000,2.3900
16.01.2014 00:19:44.541,1.48375,1.48175,2.4300,1.2100
16.01.2014 00:19:46.101,1.48375,1.48175,1.2700,1.5700
16.01.2014 00:19:47.528,1.48375,1.48175,2.7000,2.6600
16.01.2014 00:19:49.109,1.48376,1.48176,1.6700,1.0100
16.01.2014 00:19:50.303,1.48376,1.48176,2.6200,2.2500
16.01.2014 00:19:51.634,1.48377,1.48177,1.6900,1.1100
16.01.2014 00:19:53.135,1.48377,1.48177,2.3700,2.4100
16.01.2014 00:19:54.393,1.48377,1.48177,1.3400,1.0500
16.01.2014 00:19:55.904,1.48382,1.48182,1.2900,1.8500
16.01.2014 00:19:57.394,1.48379,1.48179,2.8300,2.5500
16.01.2014 00:19:58.720,1.48378,1.48178,1.9300,1.0000
16.01.2014 00:20:00.342,1.48379,1.48179,2.6800,2.9500
16.01.2014 00:20:01.724,1.48376,1.48176,2.5700,1.2300
16.01.2014 00:20:03.331,1.48378,1.48178,1.9300,1.7900
16.01.2014 00:20:04.690,1.48377,1.48177,2.2600,1.5900
16.01.2014 00:20:06.118,1.48375,1.48175,1.5300,2.5000
16.01.2014 00:20:07.352,1.48375,1.48175,1.8000,1.8400
16.01.2014 00:20:08.790,1.48374,1.48174,2.3600,1.6900
16.01.2014 00:20:10.179,1.48372,1.48172,2.3400,2.6700
16.01.2014 00:20:11.508,1.48375,1.48175,2.3800,1.4000
16.01.2014 00:20:13.004,1.48373,1.48173,1.5500,1.8000
16.01.2014 00:20:14.265,1.48372,1.48172,1.8700,2.1800
16.01.2014 00:20:15.674,1.48371,1.48171,2.1000,2.5000
16.01.2014 00:20:16.905,1.48372,1.48172,1.4200,1.7900
16.01.2014 00:20:18.146,1.48373,1.48173,1.3900,2.7000
16.01.2014 00:20:19.461,1.48372,1.48172,1.7700,2.2700
16.01.2014 00:20:20.984,1.48373,1.48173,2.7900,1.8600
16.01.2014 00:20:22.323,1.48374,1.48174,1.6800,1.4300
16.01.2014 00:20:23.640,1.48374,1.48174,2.9800,2.3800
16.01.2014 00:20:25.151,1.48374,1.48174,1.2200,1.5900
16.01.2014 00:20:26.539,1.48374,1.48174,2.9100,2.6700
16.01.2014 00:20:27.857,1.48374,1.48174,1.2500,1.1300
16.01.2014 00:20:29.173,1.48375,1.48175,1.2000,2.8200
16.01.2014 00:20:30.417,1.48376,1.48176,1.2800,1.9500
16.01.2014 00:20:31.855,1.48380,1.48180,1.3100,1.0600
16.01.2014 00:20:33.261,1.48380,1.48180,1.6400,2.3500
16.01.2014 00:20:34.675,1.48379,1.48179,2.6000,1.5100
16.01.2014 00:20:36.016,1.48377,1.48177,1.0700,2.1100
16.01.2014 00:20:37.549,1.48379,1.48179,1.4600,2.5100
16.01.2014 00:20:38.894,1.48380,1.48180,2.0000,1.9600
16.01.2014 00:20:40.427,1.48379,1.48179,1.4600,2.4500
16.01.2014 00:20:41.655,1.48378,1.48178,2.8400,1.1100
16.01.2014 00:20:43.173,1.48375,1.48175,2.7200,1.9300
16.01.2014 00:20:44.550,1.48375,1.48175,2.2700,1.2900
16.01.2014 00:20:46.102,1.48376,1.48176,1.1700,1.9400
16.01.2014 00:20:47.694,1.48375,1.48175,1.1300,1.3300
16.01.2014 00:20:49.200,1.48376,1.48176,2.0100,1.2600
16.01.2014 00:20:50.507,1.48376,1.48176,1.1400,2.8100
16.01.2014 00:20:51.891,1.48377,1.48177,2.6600,2.1600
16.01.2014 00:20:53.363,1.48376,1.48176,2.3400,1.6900
16.01.2014 00:20:54.641,1.48376,1.48176,2.3600,2.7800
16.01.2014 00:20:55.960,1.48378,1.48178,2.5900,2.6700
16.01.2014 00:20:57.296,1.48378,1.48178,2.4800,1.1200
16.01.2014 00:20:58.624,1.48378,1.48178,1.3300,1.2900
16.01.2014 00:20:59.826,1.48378,1.48178,2.6600,1.1800
16.01.2014 00:21:01.273,1.48377,1.48177,2.7000,2.5500
16.01.2014 00:21:02.505,1.48379,1.48179,2.0800,1.4600
16.01.2014 00:21:03.901,1.48379,1.48179,2.6500,1.2500
16.01.2014 00:21:05.271,1.48378,1.48178,2.7400,2.8600
16.01.2014 00:21:06.698,1.48381,1.48181,1.8600,1.2900
16.01.2014 00:21:08.154,1.48382,1.48182,2.2800,1.8100
16.01.2014 00:21:09.530,1.48382,1.48182,1.6700,1.7000
16.01.2014 00:21:10.900,1.48380,1.48180,1.1800,1.4100
16.01.2014 00:21:12.146,1.48380,1.48180,1.7300,2.7900
16.01.2014 00:21:13.704,1.48382,1.48182,1.5900,1.8100
16.01.2014 00:21:15.072,1.48381,1.48181,2.8900,2.6000
16.01.2014 00:21:16.378,1.48382,1.48182,2.7300,2.4100
16.01.2014 00:21:17.779,1.48383,1.48183,2.5100,1.5200
16.01.2014 00:21:19.262,1.48384,1.48184,1.0900,1.9700
16.01.2014 00:21:20.813,1.48384,1.48184,2.1800,1.6400
16.01.2014 00:21:22.215,1.48383,1.48183,2.0400,1.2000
16.01.2014 00:21:23.434,1.48383,1.48183,1.7700,1.3700
16.01.2014 00:21:24.788,1.48382,1.48182,1.0400,1.1300
16.01.2014 00:21:26.156,1.48381,1.48181,1.0600,1.0800
16.01.2014 00:21:27.522,1.48383,1.48183,1.7200,2.9400
16.01.2014 00:21:28.967,1.48383,1.48183,1.8800,2.7300
16.01.2014 00:21:30.469,1.48380,1.48180,2.9700,1.9600
16.01.2014 00:21:31.867,1.48378,1.48178,2.3700,2.8100
16.01.2014 00:21:33.343,1.48377,1.48177,1.9800,2.1100
16.01.2014 00:21:34.718,1.48377,1.48177,2.4900,1.0300
16.01.2014 00:21:36.130,1.48378,1.48178,2.3400,2.4100
16.01.2014 00:21:37.524,1.48378,1.48178,1.2500,1.8300
16.01.2014 00:21:38.901,1.48378,1.48178,1.0900,1.8200
16.01.2014 00:21:40.208,1.48378,1.48178,1.6400,1.3700
16.01.2014 00:21:41.410,1.48375,1.48175,2.0500,1.2000
16.01.2014 00:21:42.846,1.48375,1.48175,2.0500,1.0500
16.01.2014 00:21:44.070,1.48375,1.48175,2.1100,1.4000
16.01.2014 00:21:45.429,1.48376,1.48176,1.9200,1.4400
16.01.2014 00:21:47.015,1.48376,1.48176,1.5300,1.7600
16.01.2014 00:21:48.423,1.48377,1.48177,1.6700,2.5700
16.01.2014 00:21:49.891,1.48377,1.48177,2.8000,2.1900
16.01.2014 00:21:51.181,1.48377,1.48177,2.6600,3.0000
16.01.2014 00:21:52.633,1.48373,1.48173,1.1300,1.1900
16.01.2014 00:21:53.974,1.48374,1.48174,1.3800,1.3100
16.01.2014 00:21:55.424,1.48374,1.48174,2.5000,2.9500
16.01.2014 00:21:56.903,1.48375,1.48175,2.0300,1.5300
16.01.2014 00:21:58.246,1.48372,1.48172,1.4900,2.6300
16.01.2014 00:21:59.620,1.48373,1.48173,2.8900,1.2100
16.01.2014 00:22:00.906,1.48370,1.48170,1.4800,1.8900
16.01.2014 00:22:02.053,1.48370,1.48170,2.2000,2.4800
16.01.2014 00:22:03.387,1.48371,1.48171,1.5500,1.5500
16.01.2014 00:22:04.623,1.48370,1.48170,2.5400,1.6800
16.01.2014 00:22:05.895,1.48370,1.48170,1.0700,1.9900
16.01.2014 00:22:07.377,1.48369,1.48169,1.4700,2.1800
16.01.2014 00:22:08.728,1.48371,1.48171,2.6000,1.9300
16.01.2014 00:22:10.148,1.48371,1.48171,1.7300,1.4400
16.01.2014 00:22:11.556,1.48373,1.48173,2.0200,1.2000
16.01.2014 00:22:12.953,1.48373,1.48173,1.6200,2.3200
16.01.2014 00:22:14.227,1.48371,1.48171,2.3400,1.5700
16.01.2014 00:22:15.714,1.48371,1.48171,1.3500,2.0200
16.01.2014 00:22:17.151,1.48370,1.48170,1.5300,2.1900
16.01.2014 00:22:18.622,1.48371,1.48171,2.5800,1.0900
16.01.2014 00:22:19.958,1.48371,1.48171,2.6800,2.5400
16.01.2014 00:22:21.372,1.48372,1.48172,2.2300,1.6600
16.01.2014 00:22:22.788,1.48370,1.48170,1.7800,1.6800
16.01.2014 00:22:24.159,1.48370,1.48170,2.2100,2.3100
16.01.2014 00:22:25.611,1.48370,1.48170,2.0700,2.2800
16.01.2014 00:22:27.022,1.48371,1.48171,2.0700,2.6200
16.01.2014 00:22:28.489,1.48372,1.48172,1.8500,2.4000
16.01.2014 00:22:29.993,1.48371,1.48171,2.0900,1.9400
16.01.2014 00:22:31.420,1.48369,1.48169,2.2600,2.6900
16.01.2014 00:22:32.774,1.48368,1.48168,2.6800,2.6100
16.01.2014 00:22:34.072,1.48369,1.48169,2.1400,1.5600
16.01.2014 00:22:35.733,1.48368,1.48168,2.6900,2.3000
16.01.2014 00:22:37.035,1.48367,1.48167,1.6800,1.6600
16.01.2014 00:22:38.602,1.48366,1.48166,2.0300,1.7700
16.01.2014 00:22:40.087,1.48366,1.48166,1.1200,2.1200
16.01.2014 00:22:41.615,1.48369,1.48169,2.5600,1.2500
16.01.2014 00:22:42.982,1.48369,1.48169,2.6100,1.8600
16.01.2014 00:22:44.521,1.48368,1.48168,2.0900,1.4700
16.01.2014 00:22:45.983,1.48369,1.48169,1.0800,1.3500
16.01.2014 00:22:47.391,1.48371,1.48171,1.9100,2.4200
16.01.2014 00:22:48.803,1.48372,1.48172,2.6500,2.3200
16.01.2014 00:22:50.108,1.48370,1.48170,1.9000,2.3700
16.01.2014 00:22:51.536,1.48370,1.48170,1.2100,1.9300
16.01.2014 00:22:53.057,1.48370,1.48170,2.8000,1.6700
16.01.2014 00:22:54.419,1.48370,1.48170,1.3200,2.5200
16.01.2014 00:22:55.743,1.48367,1.48167,1.6500,2.1800
16.01.2014 00:22:57.158,1.48364,1.48164,2.0300,2.0100
16.01.2014 00:22:58.525,1.48363,1.48163,2.1900,1.8500
16.01.2014 00:22:59.951,1.48362,1.48162,1.9400,2.7200
16.01.2014 00:23:01.300,1.48365,1.48165,2.4700,1.2000
16.01.2014 00:23:02.607,1.48364,1.48164,1.7500,1.6100
16.01.2014 00:23:03.936,1.48363,1.48163,2.3900,2.9900
16.01.2014 00:23:05.342,1.48363,1.48163,1.2800,1.2900
16.01.2014 00:23:06.776,1.48364,1.48164,1.3400,2.8900
16.01.2014 00:23:08.188,1.48360,1.48160,2.0200,1.2800
16.01.2014 00:23:09.573,1.48362,1.48162,2.1400,2.6900
16.01.2014 00:23:10.964,1.48360,1.48160,2.3000,1.2900
16.01.2014 00:23:12.251,1.48362,1.48162,1.3100,1.2300
16.01.2014 00:23:13.598,1.48363,1.48163,2.2700,1.0700
16.01.2014 00:23:14.988,1.48366,1.48166,2.7400,2.1900
16.01.2014 00:23:16.448,1.48366,1.48166,1.6500,1.6600
16.01.2014 00:23:17.910,1.48366,1.48166,2.6700,2.7500
16.01.2014 00:23:19.327,1.48363,1.48163,1.1200,2.7800
16.01.2014 00:23:20.581,1.48364,1.48164,2.8400,1.0300
16.01.2014 00:23:22.009,1.48366,1.48166,2.4500,1.7300
16.01.2014 00:23:23.478,1.48369,1.48169,1.5300,1.3200
16.01.2014 00:23:24.892,1.48366,1.48166,1.2300,2.2700
16.01.2014 00:23:26.349,1.48367,1.48167,1.5400,1.9400
16.01.2014 00:23:27.608,1.48368,1.48168,2.9200,2.1000
16.01.2014 00:23:29.108,1.48368,1.48168,1.5000,1.4900
16.01.2014 00:23:30.601,1.48369,1.48169,2.1900,2.7200
16.01.2014 00:23:31.918,1.48368,1.48168,1.8700,2.6400
16.01.2014 00:23:33.291,1.48370,1.48170,2.1000,2.6100
16.01.2014 00:23:34.911,1.48367,1.48167,1.9100,2.3700
16.01.2014 00:23:36.465,1.48368,1.48168,1.2400,2.5100
16.01.2014 00:23:37.775,1.48372,1.48172,2.3000,1.1400
16.01.2014 00:23:39.165,1.48372,1.48172,2.3000,1.2200
16.01.2014 00:23:40.530,1.48371,1.48171,2.7800,1.6800
16.01.2014 00:23:41.735,1.48370,1.48170,2.0000,2.0700
16.01.2014 00:23:43.348,1.48373,1.48173,2.1900,2.9200
16.01.2014 00:23:44.661,1.48374,1.48174,2.0800,2.4100
16.01.2014 00:23:46.081,1.48372,1.48172,2.0400,2.4300
16.01.2014 00:23:47.490,1.48371,1.48171,2.2200,1.5900
16.01.2014 00:23:48.844,1.48369,1.48169,1.6800,2.6100
16.01.2014 00:23:50.384,1.48367,1.48167,1.1800,1.9200
16.01.2014 00:23:51.904,1.48368,1.48168,2.4000,1.9300
16.01.2014 00:23:53.300,1.48367,1.48167,2.2200,1.0400
16.01.2014 00:23:54.717,1.48367,1.48167,2.1500,1.5300
16.01.2014 00:23:56.036,1.48366,1.48166,1.6600,1.3700
16.01.2014 00:23:57.357,1.48367,1.48167,1.1900,1.6200
16.01.2014 00:23:58.769,1.48371,1.48171,2.5200,1.2400
16.01.2014 00:24:00.106,1.48369,1.48169,2.4900,2.3600
16.01.2014 00:24:01.398,1.48373,1.48173,1.2300,1.9100
16.01.2014 00:24:02.787,1.48374,1.48174,1.7500,1.1100
16.01.2014 00:24:04.132,1.48373,1.48173,1.5000,1.5500
16.01.2014 00:24:05.592,1.48372,1.48172,1.2900,2.9700
16.01.2014 00:24:06.931,1.48371,1.48171,1.9700,1.8800
16.01.2014 00:24:08.227,1.48374,1.48174,1.0100,2.2900
16.01.2014 00:24:09.507,1.48372,1.48172,2.5600,2.1500
16.01.2014 00:24:10.964,1.48372,1.48172,1.9800,1.8600
16.01.2014 00:24:12.250,1.48372,1.48172,2.0000,1.3200
16.01.2014 00:24:13.660,1.48372,1.48172,1.3000,2.3500
16.01.2014 00:24:15.001,1.48372,1.48172,2.7500,2.0200
16.01.2014 00:24:16.434,1.48372,1.48172,1.4800,1.6100
16.01.2014 00:24:18.002,1.48372,1.48172,1.0500,1.5400
16.01.2014 00:24:19.383,1.48373,1.48173,2.0400,2.5500
16.01.2014 00:24:20.785,1.48376,1.48176,1.0100,1.5700
16.01.2014 00:24:22.281,1.48374,1.48174,1.3900,1.2100
16.01.2014 00:24:23.566,1.48375,1.48175,1.5500,2.6800
16.01.2014 00:24:24.921,1.48373,1.48173,1.5800,2.3700
16.01.2014 00:24:26.604,1.48375,1.48175,2.8900,2.3100
16.01.2014 00:24:27.938,1.48373,1.48173,2.7700,1.4600
16.01.2014 00:24:29.319,1.48373,1.48173,2.1000,1.7200
16.01.2014 00:24:30.779,1.48371,1.48171,2.1800,1.0000
16.01.2014 00:24:32.333,1.48371,1.48171,2.1700,1.7300
16.01.2014 00:24:33.682,1.48371,1.48171,1.3800,1.5800
16.01.2014 00:24:35.128,1.48371,1.48171,1.6800,2.0900
16.01.2014 00:24:36.569,1.48373,1.48173,1.9200,2.2000
16.01.2014 00:24:38.021,1.48372,1.48172,2.3900,2.4400
16.01.2014 00:24:39.367,1.48374,1.48174,1.3700,1.3200
16.01.2014 00:24:40.780,1.48377,1.48177,1.1400,2.3800
16.01.2014 00:24:42.126,1.48376,1.48176,2.9300,2.4300
16.01.2014 00:24:43.464,1.48372,1.48172,1.0900,1.9900
16.01.2014 00:24:44.792,1.48371,1.48171,1.6000,1.5800
16.01.2014 00:24:46.206,1.48373,1.48173,2.6200,1.4500
16.01.2014 00:24:47.701,1.48375,1.48175,2.2900,1.1600
16.01.2014 00:24:49.098,1.48375,1.48175,1.7000,1.3200
16.01.2014 00:24:50.510,1.48376,1.48176,2.5000,2.2500
16.01.2014 00:24:51.793,1.48376,1.48176,2.2100,1.3400
16.01.2014 00:24:53.162,1.48373,1.48173,1.3500,2.5500
16.01.2014 00:24:54.647,1.48375,1.48175,1.8700,1.1000
16.01.2014 00:24:56.080,1.48375,1.48175,1.2800,2.8800
16.01.2014 00:24:57.303,1.48377,1.48177,2.5200,2.3800
16.01.2014 00:24:58.632,1.48377,1.48177,2.7600,2.3200
16.01.2014 00:24:59.979,1.48376,1.48176,2.3500,2.7400
16.01.2014 00:25:01.274,1.48378,1.48178,2.4200,2.9500
16.01.2014 00:25:02.678,1.48380,1.48180,1.1800,2.6200
16.01.2014 00:25:04.020,1.48379,1.48179,2.7200,1.8900
16.01.2014 00:25:05.405,1.48381,1.48181,2.9300,2.0400
16.01.2014 00:25:06.776,1.48383,1.48183,2.9900,2.8700
16.01.2014 00:25:08.328,1.48385,1.48185,2.0400,1.5700
16.01.2014 00:25:09.620,1.48388,1.48188,1.2100,1.1500
16.01.2014 00:25:11.043,1.48383,1.48183,1.2600,2.9300
16.01.2014 00:25:12.586,1.48385,1.48185,1.0400,1.6300
16.01.2014 00:25:14.028,1.48383,1.48183,1.5400,2.9600
16.01.2014 00:25:15.229,1.48383,1.48183,1.7600,2.7800
16.01.2014 00:25:16.652,1.48384,1.48184,1.3100,2.1700
16.01.2014 00:25:17.812,1.48381,1.48181,2.0900,2.8700
16.01.2014 00:25:19.224,1.48384,1.48184,2.7800,2.7600
16.01.2014 00:25:20.591,1.48384,1.48184,2.0500,1.7700
16.01.2014 00:25:22.145,1.48386,1.48186,2.4600,2.9500
16.01.2014 00:25:23.503,1.48383,1.48183,1.8200,1.3300
16.01.2014 00:25:24.615,1.48383,1.48183,1.7400,2.1600
16.01.2014 00:25:26.014,1.48380,1.48180,1.5800,2.6600
16.01.2014 00:25:27.547,1.48381,1.48181,2.6200,1.5600
16.01.2014 00:25:29.028,1.48384,1.48184,2.3100,1.4800
16.01.2014 00:25:30.396,1.48383,1.48183,1.4400,2.8500
16.01.2014 00:25:31.810,1.48382,1.48182,1.4300,1.9500
16.01.2014 00:25:33.219,1.48383,1.48183,2.7500,1.9700
16.01.2014 00:25:34.617,1.48386,1.48186,1.5800,1.9400
16.01.2014 00:25:36.159,1.48386,1.48186,1.7000,2.3300
16.01.2014 00:25:37.497,1.48388,1.48188,1.6400,2.8400
16.01.2014 00:25:38.872,1.48388,1.48188,1.2500,1.1500
16.01.2014 00:25:40.295,1.48391,1.48191,2.8600,1.4900
16.01.2014 00:25:41.734,1.48390,1.48190,2.4100,2.9800
16.01.2014 00:25:43.141,1.48390,1.48190,1.3700,1.6900
16.01.2014 00:25:44.628,1.48390,1.48190,1.6400,2.1700
16.01.2014 00:25:46.134,1.48388,1.48188,2.9400,2.7200
16.01.2014 00:25:47.594,1.48387,1.48187,2.0300,1.2400
16.01.2014 00:25:48.980,1.48389,1.48189,1.3700,2.7600
16.01.2014 00:25:50.255,1.48389,1.48189,2.4900,1.1400
16.01.2014 00:25:51.640,1.48391,1.48191,1.8400,2.3900
16.01.2014 00:25:52.819,1.48390,1.48190,2.0500,1.4700
16.01.2014 00:25:54.277,1.48391,1.48191,2.5400,2.1200
16.01.2014 00:25:55.740,1.48393,1.48193,2.1100,2.2600
16.01.2014 00:25:56.980,1.48391,1.48191,2.6900,1.3100
16.01.2014 00:25:58.606,1.48394,1.48194,1.9600,1.9900
16.01.2014 00:25:59.977,1.48392,1.48192,2.5800,1.7200
16.01.2014 00:26:01.413,1.48392,1.48192,2.4100,2.9900
16.01.2014 00:26:02.626,1.48393,1.48193,1.0700,1.9900
16.01.2014 00:26:04.219,1.48394,1.48194,1.7600,1.3800
16.01.2014 00:26:05.649,1.48396,1.48196,2.0600,2.9600
16.01.2014 00:26:06.802,1.48395,1.48195,2.2300,2.9400
16.01.2014 00:26:08.337,1.48394,1.48194,1.7200,1.0400
16.01.2014 00:26:09.879,1.48393,1.48193,2.1700,1.4800
16.01.2014 00:26:11.324,1.48395,1.48195,1.8900,1.8800
16.01.2014 00:26:12.754,1.48393,1.48193,2.6800,1.4200
16.01.2014 00:26:14.006,1.48393,1.48193,1.1600,1.2300
16.01.2014 00:26:15.308,1.48394,1.48194,1.6700,2.9900
16.01.2014 00:26:16.527,1.48394,1.48194,1.7700,2.4200
16.01.2014 00:26:18.040,1.48392,1.48192,2.5300,1.8700
16.01.2014 00:26:19.416,1.48389,1.48189,2.6300,1.5300
16.01.2014 00:26:20.876,1.48385,1.48185,2.2100,2.4800
16.01.2014 00:26:22.235,1.48385,1.48185,1.2700,1.8200
16.01.2014 00:26:23.632,1.48382,1.48182,2.1500,1.9100
16.01.2014 00:26:25.212,1.48381,1.48181,1.1500,1.9100
16.01.2014 00:26:26.658,1.48383,1.48183,2.4900,1.6000
16.01.2014 00:26:28.037,1.48382,1.48182,1.4800,1.1800
16.01.2014 00:26:29.442,1.48380,1.48180,2.2300,2.7200
16.01.2014 00:26:30.825,1.48378,1.48178,1.7100,2.4200
16.01.2014 00:26:32.193,1.48377,1.48177,1.3200,2.5500
16.01.2014 00:26:33.610,1.48379,1.48179,1.5400,1.1400
16.01.2014 00:26:35.027,1.48380,1.48180,1.6400,2.4300
16.01.2014 00:26:36.519,1.48378,1.48178,2.5100,2.8300
16.01.2014 00:26:37.905,1.48379,1.48179,2.5400,2.9500
16.01.2014 00:26:39.295,1.48380,1.48180,2.5700,2.6200
16.01.2014 00:26:40.512,1.48383,1.48183,1.3500,1.7600
16.01.2014 00:26:41.962,1.48384,1.48184,2.7800,2.7600
16.01.2014 00:26:43.411,1.48387,1.48187,1.1700,1.3400
16.01.2014 00:26:44.807,1.48387,1.48187,1.9200,2.3000
16.01.2014 00:26:46.201,1.48384,1.48184,1.9200,2.2900
16.01.2014 00:26:47.541,1.48384,1.48184,2.7900,2.6700
16.01.2014 00:26:48.913,1.48383,1.48183,1.8700,2.7400
16.01.2014 00:26:50.095,1.48383,1.48183,1.8400,2.3900
16.01.2014 00:26:51.601,1.48381,1.48181,1.4000,2.7000
16.01.2014 00:26:52.998,1.48384,1.48184,2.4300,2.5400
16.01.2014 00:26:54.411,1.48385,1.48185,2.6800,2.8100
16.01.2014 00:26:55.957,1.48384,1.48184,2.5300,1.9700
16.01.2014 00:26:57.394,1.48388,1.48188,2.2900,2.2700
16.01.2014 00:26:58.856,1.48386,1.48186,2.4500,1.5800
16.01.2014 00:27:00.355,1.48389,1.48189,2.5700,2.8200
16.01.2014 00:27:01.675,1.48388,1.48188,2.6600,2.3500
16.01.2014 00:27:03.083,1.48389,1.48189,2.9500,1.1900
16.01.2014 00:27:04.540,1.48389,1.48189,2.3800,1.2400
16.01.2014 00:27:06.079,1.48392,1.48192,3.0000,2.1900
16.01.2014 00:27:07.517,1.48394,1.48194,1.1600,2.8300
16.01.2014 00:27:08.993,1.48395,1.48195,1.2500,1.2500
16.01.2014 00:27:10.450,1.48393,1.48193,2.5000,1.4300
16.01.2014 00:27:11.961,1.48394,1.48194,2.9700,1.7200
16.01.2014 00:27:13.456,1.48392,1.48192,1.2300,1.4700
16.01.2014 00:27:14.859,1.48393,1.48193,1.7300,2.6000
16.01.2014 00:27:16.109,1.48394,1.48194,2.6800,2.5300
16.01.2014 00:27:17.590,1.48395,1.48195,2.9700,1.5200
16.01.2014 00:27:18.851,1.48395,1.48195,2.4200,2.3400
16.01.2014 00:27:20.166,1.48393,1.48193,2.3800,2.9800
16.01.2014 00:27:21.554,1.48394,1.48194,2.5800,2.0500
16.01.2014 00:27:22.927,1.48394,1.48194,2.0800,2.2900
16.01.2014 00:27:24.206,1.48392,1.48192,1.4100,1.6900
16.01.2014 00:27:25.485,1.48392,1.48192,2.8800,1.5800
16.01.2014 00:27:26.833,1.48392,1.48192,2.7600,2.0700
16.01.2014 00:27:28.347,1.48394,1.48194,1.5300,1.7000
16.01.2014 00:27:29.664,1.48395,1.48195,2.5500,2.7500
16.01.2014 00:27:31.164,1.48391,1.48191,1.1900,2.2300
16.01.2014 00:27:32.632,1.48393,1.48193,1.5100,1.1900
16.01.2014 00:27:34.190,1.48392,1.48192,2.4400,1.8900
16.01.2014 00:27:35.652,1.48393,1.48193,1.9600,2.6900
16.01.2014 00:27:37.161,1.48392,1.48192,1.8300,1.2900
16.01.2014 00:27:38.608,1.48393,1.48193,1.1300,1.7300
16.01.2014 00:27:39.966,1.48393,1.48193,2.4400,1.8200
16.01.2014 00:27:41.347,1.48394,1.48194,2.8800,1.6100
16.01.2014 00:27:42.743,1.48392,1.48192,2.2200,1.8300
16.01.2014 00:27:44.056,1.48392,1.48192,1.5500,1.5000
16.01.2014 00:27:45.449,1.48396,1.48196,1.4500,1.0200
16.01.2014 00:27:46.773,1.48394,1.48194,1.8100,1.3400
16.01.2014 00:27:48.151,1.48392,1.48192,1.6600,2.2600
16.01.2014 00:27:49.726,1.48392,1.48192,2.1700,2.2600
16.01.2014 00:27:51.093,1.48391,1.48191,2.5200,1.5800
16.01.2014 00:27:52.561,1.48391,1.48191,2.8000,2.0900
16.01.2014 00:27:53.890,1.48392,1.48192,2.9500,2.2300
16.01.2014 00:27:55.113,1.48392,1.48192,1.4000,1.9300
16.01.2014 00:27:56.487,1.48388,1.48188,1.9000,2.8500
16.01.2014 00:27:57.885,1.48385,1.48185,1.7500,1.0500
16.01.2014 00:27:59.211,1.48385,1.48185,1.7000,1.3000
16.01.2014 00:28:00.637,1.48383,1.48183,1.7100,2.6400
16.01.2014 00:28:01.956,1.48382,1.48182,2.8200,2.8400
16.01.2014 00:28:03.290,1.48380,1.48180,2.6900,1.3400
16.01.2014 00:28:04.496,1.48381,1.48181,1.6700,2.0900
16.01.2014 00:28:05.719,1.48383,1.48183,2.5200,2.2000
16.01.2014 00:28:07.227,1.48381,1.48181,2.1800,2.2400
16.01.2014 00:28:08.457,1.48381,1.48181,1.0700,1.5600
16.01.2014 00:28:09.835,1.48383,1.48183,2.5200,1.2600
16.01.2014 00:28:11.129,1.48384,1.48184,1.7600,1.8500
16.01.2014 00:28:12.491,1.48383,1.48183,1.6800,1.5200
16.01.2014 00:28:13.721,1.48383,1.48183,1.1800,2.0100
16.01.2014 00:28:14.949,1.48386,1.48186,2.4700,1.7300
16.01.2014 00:28:16.375,1.48386,1.48186,1.2600,1.9400
16.01.2014 00:28:17.640,1.48388,1.48188,1.6000,2.8300
16.01.2014 00:28:19.046,1.48390,1.48190,2.8800,1.9200
16.01.2014 00:28:20.435,1.48389,1.48189,2.3600,2.0900
16.01.2014 00:28:21.747,1.48391,1.48191,1.9100,2.9000
16.01.2014 00:28:23.094,1.48393,1.48193,1.7500,2.8200
16.01.2014 00:28:24.481,1.48396,1.48196,2.1000,1.5800
16.01.2014 00:28:25.906,1.48395,1.48195,2.2500,1.2900
16.01.2014 00:28:27.381,1.48395,1.48195,2.9600,1.3800
16.01.2014 00:28:28.872,1.48393,1.48193,1.7100,1.7000
16.01.2014 00:28:30.143,1.48394,1.48194,2.2000,1.5700
16.01.2014 00:28:31.530,1.48397,1.48197,2.0100,1.7400
16.01.2014 00:28:32.911,1.48394,1.48194,1.2000,2.6400
16.01.2014 00:28:34.237,1.48393,1.48193,2.5600,2.2800
16.01.2014 00:28:35.578,1.48393,1.48193,1.2600,1.1500
16.01.2014 00:28:36.775,1.48391,1.48191,1.8000,1.9900
16.01.2014 00:28:38.117,1.48390,1.48190,1.4700,1.4100
16.01.2014 00:28:39.491,1.48387,1.48187,2.4900,1.2200
16.01.2014 00:28:40.934,1.48388,1.48188,1.1900,2.4700
16.01.2014 00:28:42.273,1.48385,1.48185,2.0400,2.5400
16.01.2014 00:28:43.622,1.48387,1.48187,2.6000,1.6200
16.01.2014 00:28:45.055,1.48387,1.48187,2.2000,2.9800
16.01.2014 00:28:46.398,1.48385,1.48185,1.8300,1.3200
16.01.2014 00:28:47.667,1.48386,1.48186,2.6000,2.8900
16.01.2014 00:28:49.066,1.48385,1.48185,2.2900,1.3200
16.01.2014 00:28:50.691,1.48385,1.48185,2.3900,2.8100
16.01.2014 00:28:52.020,1.48386,1.48186,1.1700,2.6800
16.01.2014 00:28:53.330,1.48383,1.48183,1.4100,2.3400
16.01.2014 00:28:54.650,1.48382,1.48182,1.7500,2.8400
16.01.2014 00:28:56.167,1.48383,1.48183,1.7500,2.7200
16.01.2014 00:28:57.533,1.48383,1.48183,1.0400,2.8100
16.01.2014 00:28:58.738,1.48383,1.48183,2.8600,1.0100
16.01.2014 00:28:59.995,1.48383,1.48183,1.0700,1.8600
16.01.2014 00:29:01.283,1.48385,1.48185,1.6600,2.4600
16.01.2014 00:29:02.743,1.48385,1.48185,2.1900,1.8000
16.01.2014 00:29:04.016,1.48386,1.48186,2.4000,1.2700
16.01.2014 00:29:05.435,1.48383,1.48183,1.5000,1.8800
16.01.2014 00:29:06.830,1.48383,1.48183,1.6500,2.7600
16.01.2014 00:29:08.228,1.48383,1.48183,2.2800,2.7500
16.01.2014 00:29:09.549,1.48383,1.48183,1.0300,2.8100
16.01.2014 00:29:10.822,1.48380,1.48180,1.4900,1.7500
16.01.2014 00:29:12.202,1.48380,1.48180,2.2800,1.9200
16.01.2014 00:29:13.528,1.48383,1.48183,1.9500,1.3900
16.01.2014 00:29:14.937,1.48383,1.48183,1.0100,1.4600
16.01.2014 00:29:16.249,1.48384,1.48184,1.0600,2.3900
16.01.2014 00:29:17.609,1.48386,1.48186,1.9600,2.1200
16.01.2014 00:29:18.872,1.48386,1.48186,1.4300,1.3000
16.01.2014 00:29:20.301,1.48385,1.48185,2.2100,1.9700
16.01.2014 00:29:21.697,1.48383,1.48183,2.3600,1.4000
16.01.2014 00:29:23.035,1.48384,1.48184,2.9200,1.8900
16.01.2014 00:29:24.430,1.48384,1.48184,2.8200,2.7800
16.01.2014 00:29:25.800,1.48383,1.48183,1.1600,2.3300
16.01.2014 00:29:27.269,1.48384,1.48184,2.9900,2.7300
16.01.2014 00:29:28.378,1.48382,1.48182,2.9300,2.8500
16.01.2014 00:29:29.908,1.48380,1.48180,2.3200,1.4000
16.01.2014 00:29:31.290,1.48379,1.48179,1.7200,1.7500
16.01.2014 00:29:32.772,1.48381,1.48181,1.0400,2.2900
16.01.2014 00:29:34.199,1.48378,1.48178,2.3600,2.1200
16.01.2014 00:29:35.856,1.48378,1.48178,1.7100,2.8000
16.01.2014 00:29:37.223,1.48377,1.48177,2.9300,2.4600
16.01.2014 00:29:38.496,1.48378,1.48178,1.8000,1.2100
16.01.2014 00:29:40.012,1.48380,1.48180,2.1500,1.2500
16.01.2014 00:29:41.274,1.48379,1.48179,1.6700,2.6000
16.01.2014 00:29:42.518,1.48381,1.48181,1.8000,1.5600
16.01.2014 00:29:43.962,1.48382,1.48182,1.5900,2.9400
16.01.2014 00:29:45.386,1.48382,1.48182,2.0700,1.7900
16.01.2014 00:29:46.791,1.48381,1.48181,1.7600,2.2200
16.01.2014 00:29:48.029,1.48383,1.48183,1.4100,1.4400
16.01.2014 00:29:49.384,1.48384,1.48184,1.2000,1.0300
16.01.2014 00:29:50.798,1.48385,1.48185,2.9500,2.3900
16.01.2014 00:29:52.175,1.48386,1.48186,1.2400,2.7700
16.01.2014 00:29:53.562,1.48385,1.48185,2.4500,2.8600
16.01.2014 00:29:55.038,1.48387,1.48187,2.0800,1.7500
16.01.2014 00:29:56.391,1.48387,1.48187,1.2600,1.1300
16.01.2014 00:29:57.753,1.48389,1.48189,1.0200,1.5400
16.01.2014 00:29:59.272,1.48388,1.48188,1.9700,1.1900
16.01.2014 00:30:00.609,1.48389,1.48189,1.0700,1.3300
16.01.2014 00:30:02.028,1.48391,1.48191,2.3000,2.8200
16.01.2014 00:30:03.489,1.48390,1.48190,1.3900,2.5800
16.01.2014 00:30:04.852,1.48390,1.48190,2.4000,2.4400
16.01.2014 00:30:06.131,1.48389,1.48189,1.9400,2.3000
16.01.2014 00:30:07.613,1.48388,1.48188,1.0100,2.9500
16.01.2014 00:30:09.063,1.48387,1.48187,1.6200,1.0500
16.01.2014 00:30:10.461,1.48387,1.48187,2.0300,2.7200
16.01.2014 00:30:11.875,1.48390,1.48190,1.2000,2.6000
16.01.2014 00:30:13.343,1.48389,1.48189,2.7300,2.5000
16.01.2014 00:30:14.701,1.48387,1.48187,2.2100,2.6200
16.01.2014 00:30:16.321,1.48384,1.48184,2.9200,2.7000
16.01.2014 00:30:17.779,1.48383,1.48183,2.6200,2.2500
16.01.2014 00:30:19.246,1.48383,1.48183,2.4800,1.8000
16.01.2014 00:30:20.558,1.48383,1.48183,2.4400,2.3500
16.01.2014 00:30:21.822,1.48383,1.48183,1.9300,2.1600
16.01.2014 00:30:23.186,1.48381,1.48181,2.5000,1.6900
16.01.2014 00:30:24.404,1.48381,1.48181,2.8800,2.9600
16.01.2014 00:30:25.789,1.48380,1.48180,2.7800,1.0700
16.01.2014 00:30:27.261,1.48379,1.48179,1.4600,1.0900
16.01.2014 00:30:28.736,1.48378,1.48178,1.4900,2.6800
16.01.2014 00:30:30.327,1.48378,1.48178,1.4900,2.0700
16.01.2014 00:30:31.779,1.48376,1.48176,1.9300,1.5400
16.01.2014 00:30:33.067,1.48377,1.48177,2.5400,2.6100
16.01.2014 00:30:34.310,1.48378,1.48178,1.5400,2.2900
16.01.2014 00:30:35.814,1.48378,1.48178,2.7700,1.6800
16.01.2014 00:30:37.266,1.48378,1.48178,1.0900,2.9600
16.01.2014 00:30:38.643,1.48378,1.48178,2.7200,2.1000
16.01.2014 00:30:39.847,1.48378,1.48178,1.7400,1.4600
16.01.2014 00:30:40.987,1.48377,1.48177,1.4000,1.4300
16.01.2014 00:30:42.426,1.48379,1.48179,2.5600,2.5500
16.01.2014 00:30:43.659,1.48378,1.48178,1.5900,2.5000
16.01.2014 00:30:45.108,1.48375,1.48175,2.6700,2.5500
16.01.2014 00:30:46.460,1.48374,1.48174,2.5900,1.5900
16.01.2014 00:30:47.899,1.48374,1.48174,1.4200,2.4700
16.01.2014 00:30:49.268,1.48374,1.48174,2.0400,1.0900
16.01.2014 00:30:50.607,1.48375,1.48175,2.1100,2.5700
16.01.2014 00:30:51.926,1.48376,1.48176,2.3300,2.4700
16.01.2014 00:30:53.192,1.48376,1.48176,2.8400,2.0400
16.01.2014 00:30:54.662,1.48377,1.48177,2.5000,1.8700
16.01.2014 00:30:56.221,1.48378,1.48178,2.7900,2.3900
16.01.2014 00:30:57.710,1.48377,1.48177,1.5700,1.1900
16.01.2014 00:30:58.983,1.48379,1.48179,2.8500,1.8300
16.01.2014 00:31:00.429,1.48380,1.48180,1.9300,2.7200
16.01.2014 00:31:01.606,1.48378,1.48178,1.5500,2.7300
16.01.2014 00:31:03.065,1.48378,1.48178,2.4100,1.3100
16.01.2014 00:31:04.570,1.48375,1.48175,1.6000,1.2300
16.01.2014 00:31:06.232,1.48376,1.48176,2.0500,2.6400
16.01.2014 00:31:07.784,1.48379,1.48179,2.9600,1.9100
16.01.2014 00:31:09.030,1.48379,1.48179,1.9000,1.6300
16.01.2014 00:31:10.383,1.48382,1.48182,1.2600,1.1700
16.01.2014 00:31:11.938,1.48381,1.48181,2.3800,1.8100
16.01.2014 00:31:13.340,1.48378,1.48178,1.9200,2.4300
16.01.2014 00:31:14.746,1.48378,1.48178,1.8100,2.9000
16.01.2014 00:31:16.192,1.48378,1.48178,2.0600,2.1400
16.01.2014 00:31:17.441,1.48377,1.48177,2.3600,2.7600
16.01.2014 00:31:18.809,1.48379,1.48179,1.4000,2.3100
16.01.2014 00:31:20.328,1.48378,1.48178,2.2000,2.1400
16.01.2014 00:31:21.815,1.48377,1.48177,1.8700,2.6200
16.01.2014 00:31:23.135,1.48375,1.48175,1.5500,1.8800
16.01.2014 00:31:24.567,1.48374,1.48174,1.8100,2.6100
16.01.2014 00:31:25.858,1.48376,1.48176,2.6200,2.6600
16.01.2014 00:31:27.290,1.48376,1.48176,1.9500,1.0000
16.01.2014 00:31:28.612,1.48377,1.48177,1.6900,1.5700
16.01.2014 00:31:30.120,1.48377,1.48177,2.1400,1.3600
16.01.2014 00:31:31.430,1.48377,1.48177,1.2000,1.0700
16.01.2014 00:31:32.965,1.48376,1.48176,2.7400,1.7000
16.01.2014 00:31:34.273,1.48376,1.48176,2.0700,1.6400
16.01.2014 00:31:35.766,1.48379,1.48179,2.3900,1.2300
16.01.2014 00:31:37.206,1.48380,1.48180,1.7800,1.7100
16.01.2014 00:31:38.529,1.48382,1.48182,2.3500,1.5000
16.01.2014 00:31:40.043,1.48380,1.48180,2.8000,1.8800
16.01.2014 00:31:41.487,1.48381,1.48181,2.3000,2.4700
16.01.2014 00:31:42.957,1.48379,1.48179,1.7000,1.3200
16.01.2014 00:31:44.352,1.48376,1.48176,2.5900,2.0300
16.01.2014 00:31:45.768,1.48377,1.48177,1.9100,2.5600
16.01.2014 00:31:47.162,1.48377,1.48177,2.6600,2.0600
16.01.2014 00:31:48.717,1.48377,1.48177,1.4400,1.9700
16.01.2014 00:31:50.214,1.48379,1.48179,2.5300,1.9700
16.01.2014 00:31:51.523,1.48378,1.48178,1.0700,1.7100
16.01.2014 00:31:53.014,1.48380,1.48180,1.6000,1.3700
16.01.2014 00:31:54.456,1.48378,1.48178,1.7100,1.5600
16.01.2014 00:31:55.786,1.48377,1.48177,1.3300,2.3100
16.01.2014 00:31:57.330,1.48375,1.48175,2.4400,2.1600
16.01.2014 00:31:58.926,1.48376,1.48176,2.9300,1.4200
16.01.2014 00:32:00.247,1.48375,1.48175,1.9900,1.5600
16.01.2014 00:32:01.716,1.48376,1.48176,2.6500,1.1600
16.01.2014 00:32:03.121,1.48372,1.48172,1.6000,1.3500
16.01.2014 00:32:04.420,1.48373,1.48173,1.8200,1.1900
16.01.2014 00:32:05.562,1.48372,1.48172,1.7100,1.6100
16.01.2014 00:32:07.098,1.48373,1.48173,2.8300,1.5100
16.01.2014 00:32:08.449,1.48371,1.48171,1.8600,2.1000
16.01.2014 00:32:09.566,1.48371,1.48171,1.1100,2.5600
16.01.2014 00:32:10.982,1.48372,1.48172,2.6400,1.8300
16.01.2014 00:32:12.441,1.48370,1.48170,1.1300,1.0400
16.01.2014 00:32:14.097,1.48372,1.48172,2.2900,1.9300
16.01.2014 00:32:15.431,1.48373,1.48173,2.4500,2.5000
16.01.2014 00:32:16.891,1.48375,1.48175,2.1300,2.5800
16.01.2014 00:32:18.315,1.48375,1.48175,2.1700,2.9600
16.01.2014 00:32:19.733,1.48376,1.48176,1.6700,1.7000
16.01.2014 00:32:21.244,1.48378,1.48178,2.5400,1.2200
16.01.2014 00:32:22.626,1.48379,1.48179,2.8800,1.1300
16.01.2014 00:32:24.161,1.48378,1.48178,2.2100,1.6800
16.01.2014 00:32:25.686,1.48381,1.48181,1.2700,1.9300
16.01.2014 00:32:27.003,1.48381,1.48181,2.6500,1.1800
16.01.2014 00:32:28.416,1.48381,1.48181,1.8000,2.0700
16.01.2014 00:32:29.619,1.48382,1.48182,1.9300,2.3600
16.01.2014 00:32:31.212,1.48385,1.48185,2.2600,2.8100
16.01.2014 00:32:32.603,1.48385,1.48185,1.5100,1.0400
16.01.2014 00:32:33.962,1.48382,1.48182,2.2300,2.2800
16.01.2014 00:32:35.366,1.48383,1.48183,2.3900,1.9100
16.01.2014 00:32:36.602,1.48385,1.48185,1.8900,1.9900
16.01.2014 00:32:37.961,1.48385,1.48185,1.7600,1.7400
16.01.2014 00:32:39.221,1.48383,1.48183,2.0200,2.0500
16.01.2014 00:32:40.584,1.48383,1.48183,1.7300,1.4500
16.01.2014 00:32:41.988,1.48384,1.48184,1.3600,1.4500
16.01.2014 00:32:43.253,1.48382,1.48182,2.4200,2.2900
16.01.2014 00:32:44.713,1.48383,1.48183,2.5100,1.6600
16.01.2014 00:32:46.076,1.48383,1.48183,1.8900,1.5100
16.01.2014 00:32:47.556,1.48381,1.48181,2.6900,2.3800
16.01.2014 00:32:48.973,1.48381,1.48181,2.4400,1.1200
16.01.2014 00:32:50.376,1.48381,1.48181,2.8600,2.5200
16.01.2014 00:32:51.848,1.48379,1.48179,1.9800,2.4500
16.01.2014 00:32:53.243,1.48378,1.48178,2.2000,1.3100
16.01.2014 00:32:54.573,1.48378,1.48178,1.2700,1.1700
16.01.2014 00:32:55.933,1.48380,1.48180,2.5300,2.7700
16.01.2014 00:32:57.163,1.48380,1.48180,2.6500,2.5100
16.01.2014 00:32:58.520,1.48377,1.48177,2.0000,1.7000
16.01.2014 00:32:59.952,1.48376,1.48176,2.1300,1.5500
16.01.2014 00:33:01.372,1.48374,1.48174,2.2600,1.1100
16.01.2014 00:33:02.712,1.48374,1.48174,2.5000,1.9600
16.01.2014 00:33:04.157,1.48375,1.48175,1.3700,1.0500
16.01.2014 00:33:05.625,1.48375,1.48175,2.0700,2.5800
16.01.2014 00:33:07.093,1.48378,1.48178,2.3500,2.1500
16.01.2014 00:33:08.399,1.48379,1.48179,1.1800,1.4900
16.01.2014 00:33:10.099,1.48378,1.48178,1.6000,2.1500
16.01.2014 00:33:11.619,1.48380,1.48180,1.6600,2.8300
16.01.2014 00:33:13.082,1.48379,1.48179,1.9900,1.3400
16.01.2014 00:33:14.257,1.48375,1.48175,2.0400,1.4500
16.01.2014 00:33:15.662,1.48373,1.48173,1.2800,1.0300
16.01.2014 00:33:17.071,1.48373,1.48173,2.5300,1.7200
16.01.2014 00:33:18.537,1.48371,1.48171,1.9700,2.8800
16.01.2014 00:33:19.845,1.48371,1.48171,2.6500,2.4400
16.01.2014 00:33:21.260,1.48373,1.48173,1.8200,1.8900
16.01.2014 00:33:22.731,1.48372,1.48172,1.5200,1.7700
16.01.2014 00:33:24.012,1.48370,1.48170,1.1700,2.1900
16.01.2014 00:33:25.226,1.48370,1.48170,1.6500,2.1300
16.01.2014 00:33:26.613,1.48371,1.48171,2.9700,1.9600
16.01.2014 00:33:28.077,1.48370,1.48170,2.4400,1.0200
16.01.2014 00:33:29.423,1.48370,1.48170,2.3000,2.9300
16.01.2014 00:33:30.788,1.48371,1.48171,2.7600,2.9700
16.01.2014 00:33:32.248,1.48369,1.48169,2.4700,2.3000
16.01.2014 00:33:33.819,1.48365,1.48165,1.6200,1.3600
16.01.2014 00:33:34.965,1.48363,1.48163,1.0700,2.0000
16.01.2014 00:33:36.215,1.48361,1.48161,2.4900,2.8400
16.01.2014 00:33:37.444,1.48363,1.48163,1.5500,1.3900
16.01.2014 00:33:38.865,1.48364,1.48164,1.8100,1.9700
16.01.2014 00:33:40.008,1.48366,1.48166,1.4500,2.8100
16.01.2014 00:33:41.398,1.48366,1.48166,2.4100,1.4900
16.01.2014 00:33:42.712,1.48367,1.48167,1.1600,1.4500
16.01.2014 00:33:44.083,1.48368,1.48168,2.7100,1.1100
16.01.2014 00:33:45.476,1.48367,1.48167,2.7400,1.4700
16.01.2014 00:33:46.987,1.48369,1.48169,2.6300,1.3200
16.01.2014 00:33:48.336,1.48367,1.48167,1.6800,2.3400
16.01.2014 00:33:49.644,1.48367,1.48167,2.1600,1.4700
16.01.2014 00:33:51.124,1.48369,1.48169,1.7900,1.8100
16.01.2014 00:33:52.482,1.48367,1.48167,2.6700,2.4700
16.01.2014 00:33:53.915,1.48365,1.48165,1.8600,1.5100
16.01.2014 00:33:55.253,1.48365,1.48165,2.0200,1.1500
16.01.2014 00:33:56.541,1.48368,1.48168,2.1100,2.0700
16.01.2014 00:33:58.000,1.48368,1.48168,2.6200,1.1100
16.01.2014 00:33:59.377,1.48367,1.48167,2.8600,1.8600
16.01.2014 00:34:00.801,1.48367,1.48167,1.7200,1.6700
16.01.2014 00:34:02.160,1.48366,1.48166,2.9100,1.4000
16.01.2014 00:34:03.665,1.48367,1.48167,1.0900,2.8600
16.01.2014 00:34:05.084,1.48368,1.48168,2.1600,1.2900
16.01.2014 00:34:06.287,1.48368,1.48168,1.3200,2.4300
16.01.2014 00:34:07.744,1.48367,1.48167,1.3200,1.4300
16.01.2014 00:34:09.000,1.48367,1.48167,1.3900,2.3800
16.01.2014 00:34:10.313,1.48369,1.48169,2.1200,1.2700
16.01.2014 00:34:11.617,1.48367,1.48167,1.6400,1.5100
16.01.2014 00:34:12.934,1.48370,1.48170,2.5500,2.6400
16.01.2014 00:34:14.491,1.48371,1.48171,1.2600,1.1100
16.01.2014 00:34:15.983,1.48370,1.48170,1.5400,2.9600
16.01.2014 00:34:17.443,1.48371,1.48171,1.6900,2.8200
16.01.2014 00:34:18.948,1.48370,1.48170,1.5000,2.1700
16.01.2014 00:34:20.411,1.48370,1.48170,1.9100,1.4300
16.01.2014 00:34:21.793,1.48368,1.48168,2.4000,2.7300
16.01.2014 00:34:23.205,1.48371,1.48171,2.0500,2.8200
16.01.2014 00:34:24.553,1.48373,1.48173,2.2900,1.5200
16.01.2014 00:34:25.928,1.48371,1.48171,2.2900,2.7100
16.01.2014 00:34:27.407,1.48369,1.48169,1.4600,1.9800
16.01.2014 00:34:28.933,1.48371,1.48171,2.1300,1.7500
16.01.2014 00:34:30.152,1.48370,1.48170,1.7100,1.3100
16.01.2014 00:34:31.479,1.48370,1.48170,1.3000,2.7400
16.01.2014 00:34:32.847,1.48371,1.48171,1.4800,2.7400
16.01.2014 00:34:34.415,1.48373,1.48173,2.4400,1.6600
16.01.2014 00:34:35.976,1.48372,1.48172,2.9000,2.7600
16.01.2014 00:34:37.562,1.48373,1.48173,2.0700,2.2000
16.01.2014 00:34:39.113,1.48374,1.48174,2.5200,2.4500
16.01.2014 00:34:40.597,1.48373,1.48173,1.2400,1.0400
16.01.2014 00:34:41.963,1.48374,1.48174,2.9500,1.2500
16.01.2014 00:34:43.280,1.48377,1.48177,2.3400,1.2900
16.01.2014 00:34:44.788,1.48376,1.48176,1.8700,1.2600
16.01.2014 00:34:46.171,1.48377,1.48177,1.3100,2.1000
16.01.2014 00:34:47.665,1.48376,1.48176,2.6700,2.6500
16.01.2014 00:34:48.999,1.48378,1.48178,1.6800,1.1900
16.01.2014 00:34:50.171,1.48377,1.48177,2.7200,2.2500
16.01.2014 00:34:51.607,1.48379,1.48179,1.9600,1.8200
16.01.2014 00:34:53.088,1.48381,1.48181,2.0600,1.3800
16.01.2014 00:34:54.320,1.48381,1.48181,2.5800,1.3200
16.01.2014 00:34:55.635,1.48380,1.48180,2.4600,1.6400
16.01.2014 00:34:56.983,1.48379,1.48179,2.7500,2.6900
16.01.2014 00:34:58.498,1.48378,1.48178,2.6400,2.9500
16.01.2014 00:34:59.721,1.48378,1.48178,1.4000,1.6700
16.01.2014 00:35:01.242,1.48384,1.48184,2.4700,2.0300
16.01.2014 00:35:02.526,1.48384,1.48184,1.9300,1.0400
16.01.2014 00:35:03.959,1.48389,1.48189,2.7500,1.9100
16.01.2014 00:35:05.384,1.48388,1.48188,1.1200,1.5800
16.01.2014 00:35:06.854,1.48392,1.48192,2.4900,2.7700
16.01.2014 00:35:08.341,1.48396,1.48196,1.8600,2.8400
16.01.2014 00:35:09.664,1.48396,1.48196,1.8300,2.4300
16.01.2014 00:35:10.950,1.48396,1.48196,2.5200,2.2200
16.01.2014 00:35:12.353,1.48397,1.48197,1.8400,1.5100
16.01.2014 00:35:13.724,1.48397,1.48197,1.8200,1.9100
16.01.2014 00:35:15.088,1.48397,1.48197,1.4500,2.7000
16.01.2014 00:35:16.510,1.48396,1.48196,1.8400,1.8000
16.01.2014 00:35:17.882,1.48397,1.48197,2.1400,1.9700
16.01.2014 00:35:19.484,1.48398,1.48198,1.9500,1.4000
16.01.2014 00:35:20.943,1.48397,1.48197,2.0600,2.3800
16.01.2014 00:35:22.143,1.48398,1.48198,1.7800,2.9600
16.01.2014 00:35:23.571,1.48398,1.48198,2.1600,2.9000
16.01.2014 00:35:25.169,1.48399,1.48199,2.1800,2.0900
16.01.2014 00:35:26.641,1.48401,1.48201,1.3700,2.0400
16.01.2014 00:35:27.998,1.48401,1.48201,1.6100,1.9800
16.01.2014 00:35:29.373,1.48399,1.48199,2.6000,1.0900
16.01.2014 00:35:30.910,1.48399,1.48199,1.7200,2.8700
16.01.2014 00:35:32.240,1.48399,1.48199,2.8100,2.1200
16.01.2014 00:35:33.726,1.48400,1.48200,1.3300,2.3000
16.01.2014 00:35:35.269,1.48402,1.48202,1.3900,1.8100
16.01.2014 00:35:36.681,1.48399,1.48199,2.9000,2.0000
16.01.2014 00:35:38.002,1.48395,1.48195,1.7600,1.4800
16.01.2014 00:35:39.345,1.48397,1.48197,2.1500,2.1300
16.01.2014 00:35:40.472,1.48397,1.48197,1.6500,2.2300
16.01.2014 00:35:41.844,1.48399,1.48199,2.1200,1.3600
16.01.2014 00:35:43.124,1.48400,1.48200,2.3400,1.4500
16.01.2014 00:35:44.460,1.48397,1.48197,2.0500,2.4100
16.01.2014 00:35:45.924,1.48398,1.48198,1.2400,1.4300
16.01.2014 00:35:47.486,1.48397,1.48197,1.9100,1.5000
16.01.2014 00:35:48.863,1.48397,1.48197,1.3700,1.1800
16.01.2014 00:35:50.212,1.48396,1.48196,1.6600,2.8200
16.01.2014 00:35:51.680,1.48397,1.48197,2.5000,1.3500
16.01.2014 00:35:53.127,1.48395,1.48195,1.8600,2.0700
16.01.2014 00:35:54.481,1.48396,1.48196,2.2500,1.6600
16.01.2014 00:35:55.819,1.48398,1.48198,2.7300,1.4300
16.01.2014 00:35:57.116,1.48396,1.48196,2.7400,1.5200
16.01.2014 00:35:58.611,1.48395,1.48195,2.1800,2.5500
16.01.2014 00:36:00.045,1.48397,1.48197,2.9800,2.7400
16.01.2014 00:36:01.554,1.48398,1.48198,2.7300,1.2500
16.01.2014 00:36:02.863,1.48401,1.48201,1.1100,2.7400
16.01.2014 00:36:04.307,1.48402,1.48202,2.3300,2.7200
16.01.2014 00:36:05.910,1.48401,1.48201,1.9500,2.4700
16.01.2014 00:36:07.204,1.48402,1.48202,2.3900,2.3300
16.01.2014 00:36:08.603,1.48405,1.48205,1.6100,2.1900
16.01.2014 00:36:09.948,1.48402,1.48202,1.3300,1.6500
16.01.2014 00:36:11.233,1.48400,1.48200,1.8400,2.8900
16.01.2014 00:36:12.573,1.48400,1.48200,1.1200,2.8400
16.01.2014 00:36:14.112,1.48398,1.48198,1.9600,1.6800
16.01.2014 00:36:15.335,1.48400,1.48200,1.0400,2.2700
16.01.2014 00:36:16.668,1.48400,1.48200,1.6100,1.8400
16.01.2014 00:36:18.151,1.48400,1.48200,2.6000,1.6400
16.01.2014 00:36:19.566,1.48398,1.48198,1.2800,2.7900
16.01.2014 00:36:20.783,1.48397,1.48197,2.2500,1.8200
16.01.2014 00:36:22.142,1.48397,1.48197,2.8800,1.6000
16.01.2014 00:36:23.621,1.48397,1.48197,1.8700,2.6100
16.01.2014 00:36:24.961,1.48398,1.48198,2.4600,1.6500
16.01.2014 00:36:26.396,1.48397,1.48197,1.0000,2.9200
16.01.2014 00:36:27.758,1.48399,1.48199,1.4500,1.7600
16.01.2014 00:36:29.093,1.48402,1.48202,2.6600,1.7700
16.01.2014 00:36:30.325,1.48401,1.48201,2.1000,2.7900
16.01.2014 00:36:31.715,1.48401,1.48201,2.0400,1.6800
16.01.2014 00:36:33.273,1.48402,1.48202,1.4100,2.1400
16.01.2014 00:36:34.540,1.48401,1.48201,2.4000,1.6700
16.01.2014 00:36:35.854,1.48405,1.48205,2.2100,1.3600
16.01.2014 00:36:37.333,1.48408,1.48208,1.1300,1.7900
16.01.2014 00:36:38.716,1.48409,1.48209,2.1400,1.0700
16.01.2014 00:36:40.058,1.48411,1.48211,2.7500,2.4000
16.01.2014 00:36:41.442,1.48410,1.48210,1.7300,2.4100
16.01.2014 00:36:42.847,1.48410,1.48210,1.7800,2.3700
16.01.2014 00:36:44.269,1.48412,1.48212,2.0000,1.7100
16.01.2014 00:36:45.633,1.48413,1.48213,1.3000,1.4400
16.01.2014 00:36:47.068,1.48412,1.48212,1.9900,2.3000
16.01.2014 00:36:48.346,1.48415,1.48215,2.6700,1.3700
16.01.2014 00:36:49.716,1.48415,1.48215,2.5100,2.3600
16.01.2014 00:36:51.108,1.48416,1.48216,2.3500,1.3700
16.01.2014 00:36:52.588,1.48416,1.48216,2.6400,2.8700
16.01.2014 00:36:54.048,1.48415,1.48215,2.6100,2.6100
16.01.2014 00:36:55.367,1.48416,1.48216,1.7500,1.8900
16.01.2014 00:36:56.662,1.48417,1.48217,2.8000,2.4200
16.01.2014 00:36:58.108,1.48417,1.48217,2.3100,2.8600
16.01.2014 00:36:59.422,1.48419,1.48219,1.6500,2.1600
16.01.2014 00:37:00.979,1.48417,1.48217,2.4500,2.2800
16.01.2014 00:37:02.396,1.48417,1.48217,2.1500,2.9000
16.01.2014 00:37:03.760,1.48417,1.48217,2.2300,2.5000
16.01.2014 00:37:05.124,1.48417,1.48217,2.8500,1.4900
16.01.2014 00:37:06.451,1.48416,1.48216,2.8400,1.6600
16.01.2014 00:37:07.709,1.48416,1.48216,2.4300,1.1400
16.01.2014 00:37:09.062,1.48415,1.48215,1.9400,2.1300
16.01.2014 00:37:10.444,1.48410,1.48210,1.7400,2.0300
16.01.2014 00:37:11.720,1.48410,1.48210,1.3300,1.2900
16.01.2014 00:37:13.154,1.48410,1.48210,2.9700,2.2600
16.01.2014 00:37:14.622,1.48407,1.48207,1.6400,1.7800
16.01.2014 00:37:16.056,1.48407,1.48207,2.3900,2.1900
16.01.2014 00:37:17.428,1.48405,1.48205,2.0300,2.1400
16.01.2014 00:37:18.906,1.48403,1.48203,1.6500,1.0500
16.01.2014 00:37:20.226,1.48402,1.48202,2.8600,1.6200
16.01.2014 00:37:21.614,1.48404,1.48204,2.9000,2.6500
16.01.2014 00:37:23.021,1.48405,1.48205,2.8500,2.7100
16.01.2014 00:37:24.395,1.48402,1.48202,1.2800,2.6300
16.01.2014 00:37:25.693,1.48402,1.48202,2.0400,2.6500
16.01.2014 00:37:27.107,1.48406,1.48206,1.5100,2.4200
16.01.2014 00:37:28.527,1.48406,1.48206,2.7300,2.0300
16.01.2014 00:37:29.857,1.48404,1.48204,1.1000,1.8000
16.01.2014 00:37:31.035,1.48404,1.48204,2.4000,2.8100
16.01.2014 00:37:32.416,1.48400,1.48200,2.7400,1.3700
16.01.2014 00:37:33.915,1.48399,1.48199,1.2200,2.8700
16.01.2014 00:37:35.214,1.48399,1.48199,1.3000,1.5200
16.01.2014 00:37:36.578,1.48397,1.48197,2.2100,2.4400
16.01.2014 00:37:38.056,1.48398,1.48198,1.0500,1.9900
16.01.2014 00:37:39.479,1.48398,1.48198,2.9100,2.8900
16.01.2014 00:37:40.888,1.48396,1.48196,2.7100,2.6600
16.01.2014 00:37:42.335,1.48397,1.48197,1.5800,1.6800
16.01.2014 00:37:43.869,1.48398,1.48198,1.2000,1.7200
16.01.2014 00:37:45.229,1.48399,1.48199,1.1400,1.6200
16.01.2014 00:37:46.550,1.48399,1.48199,2.8400,1.6300
16.01.2014 00:37:47.994,1.48401,1.48201,1.2100,2.8500
16.01.2014 00:37:49.351,1.48401,1.48201,1.5800,2.3600
16.01.2014 00:37:50.763,1.48402,1.48202,2.5800,1.5400
16.01.2014 00:37:52.084,1.48404,1.48204,2.7200,1.6400
16.01.2014 00:37:53.336,1.48404,1.48204,1.1000,1.7600
16.01.2014 00:37:54.678,1.48401,1.48201,1.7000,1.6700
16.01.2014 00:37:56.122,1.48400,1.48200,2.9800,2.9400
16.01.2014 00:37:57.470,1.48400,1.48200,1.4100,2.4900
16.01.2014 00:37:58.836,1.48399,1.48199,1.6800,2.4300
16.01.2014 00:38:00.142,1.48399,1.48199,1.6300,1.5900
16.01.2014 00:38:01.477,1.48400,1.48200,1.6000,1.9000
16.01.2014 00:38:02.875,1.48401,1.48201,1.9600,2.4200
16.01.2014 00:38:04.252,1.48402,1.48202,1.5700,1.4200
16.01.2014 00:38:05.727,1.48402,1.48202,2.0000,2.8800
16.01.2014 00:38:07.080,1.48405,1.48205,1.8300,1.6500
16.01.2014 00:38:08.352,1.48406,1.48206,2.6200,2.0100
16.01.2014 00:38:09.679,1.48406,1.48206,1.9600,1.6900
16.01.2014 00:38:11.120,1.48403,1.48203,1.4400,2.2700
16.01.2014 00:38:12.522,1.48403,1.48203,2.0900,2.1200
16.01.2014 00:38:13.911,1.48404,1.48204,2.9200,2.8600
16.01.2014 00:38:15.371,1.48405,1.48205,2.1400,1.5400
16.01.2014 00:38:16.845,1.48401,1.48201,2.7100,2.5400
16.01.2014 00:38:18.217,1.48400,1.48200,2.5400,2.6500
16.01.2014 00:38:19.684,1.48401,1.48201,2.0300,1.3900
16.01.2014 00:38:21.121,1.48403,1.48203,2.0200,1.5700
16.01.2014 00:38:22.636,1.48399,1.48199,2.4700,1.5000
16.01.2014 00:38:24.018,1.48400,1.48200,1.8800,1.5000
16.01.2014 00:38:25.209,1.48398,1.48198,1.5800,2.7500
16.01.2014 00:38:26.472,1.48396,1.48196,2.4500,2.2700
16.01.2014 00:38:27.921,1.48399,1.48199,1.0600,1.6700
16.01.2014 00:38:29.238,1.48399,1.48199,2.2200,1.4000
16.01.2014 00:38:30.711,1.48403,1.48203,2.8100,1.4300
16.01.2014 00:38:32.139,1.48404,1.48204,1.6000,2.3700
16.01.2014 00:38:33.615,1.48404,1.48204,2.9800,1.4100
16.01.2014 00:38:35.011,1.48404,1.48204,2.6300,1.1300
16.01.2014 00:38:36.243,1.48403,1.48203,1.1600,1.7000
16.01.2014 00:38:37.499,1.48402,1.48202,2.4500,3.0000
16.01.2014 00:38:38.774,1.48405,1.48205,1.8900,1.5000
16.01.2014 00:38:40.102,1.48403,1.48203,1.2600,1.9200
16.01.2014 00:38:41.698,1.48406,1.48206,1.4700,1.4400
16.01.2014 00:38:43.146,1.48407,1.48207,2.5400,2.0900
16.01.2014 00:38:44.651,1.48406,1.48206,2.1900,2.3200
16.01.2014 00:38:46.029,1.48405,1.48205,2.1100,1.0000
16.01.2014 00:38:47.465,1.48403,1.48203,2.4700,2.4300
16.01.2014 00:38:48.881,1.48402,1.48202,1.5200,1.5600
16.01.2014 00:38:50.400,1.48401,1.48201,1.9400,2.4600
16.01.2014 00:38:51.667,1.48400,1.48200,1.6500,1.7200
16.01.2014 00:38:53.141,1.48401,1.48201,2.2900,1.2200
16.01.2014 00:38:54.677,1.48399,1.48199,2.3800,2.2600
16.01.2014 00:38:55.976,1.48400,1.48200,1.6400,1.9500
16.01.2014 00:38:57.477,1.48400,1.48200,1.1800,1.2600
16.01.2014 00:38:58.997,1.48398,1.48198,1.8500,2.1700
16.01.2014 00:39:00.252,1.48399,1.48199,2.2100,2.8600
16.01.2014 00:39:01.631,1.48397,1.48197,2.9900,2.3700
16.01.2014 00:39:03.009,1.48397,1.48197,2.4500,2.3800
16.01.2014 00:39:04.450,1.48397,1.48197,1.2000,1.1900
16.01.2014 00:39:05.783,1.48398,1.48198,2.5100,1.5900
16.01.2014 00:39:07.221,1.48397,1.48197,1.1900,2.2700
16.01.2014 00:39:08.395,1.48397,1.48197,2.5900,1.5300
16.01.2014 00:39:09.719,1.48396,1.48196,2.3400,2.5400
16.01.2014 00:39:11.266,1.48394,1.48194,1.6100,1.8700
16.01.2014 00:39:12.682,1.48394,1.48194,2.6400,1.7600
16.01.2014 00:39:14.032,1.48394,1.48194,1.4700,2.5500
16.01.2014 00:39:15.396,1.48394,1.48194,2.3500,2.8300
16.01.2014 00:39:16.731,1.48396,1.48196,2.8000,2.6900
16.01.2014 00:39:18.141,1.48397,1.48197,2.2200,2.5900
16.01.2014 00:39:19.517,1.48398,1.48198,2.1100,1.4300
16.01.2014 00:39:20.773,1.48399,1.48199,1.4600,1.5100
16.01.2014 00:39:22.121,1.48400,1.48200,1.4500,1.6100
16.01.2014 00:39:23.472,1.48398,1.48198,2.7000,2.5300
16.01.2014 00:39:24.974,1.48397,1.48197,2.4700,1.1600
16.01.2014 00:39:26.420,1.48399,1.48199,2.7400,1.3200
16.01.2014 00:39:27.758,1.48400,1.48200,2.8800,1.8500
16.01.2014 00:39:29.156,1.48403,1.48203,1.2500,1.3300
16.01.2014 00:39:30.580,1.48402,1.48202,1.4700,2.7400
16.01.2014 00:39:32.040,1.48404,1.48204,1.5300,1.7100
16.01.2014 00:39:33.336,1.48402,1.48202,2.5400,1.4000
16.01.2014 00:39:34.937,1.48402,1.48202,1.3800,1.2300
16.01.2014 00:39:36.417,1.48399,1.48199,2.9300,2.3400
16.01.2014 00:39:37.719,1.48399,1.48199,1.5100,1.7400
16.01.2014 00:39:39.100,1.48400,1.48200,2.8900,2.5800
16.01.2014 00:39:40.443,1.48400,1.48200,2.9600,1.3500
16.01.2014 00:39:41.876,1.48399,1.48199,1.7600,1.6800
16.01.2014 00:39:43.154,1.48399,1.48199,2.3200,1.8600
16.01.2014 00:39:44.494,1.48399,1.48199,2.2800,1.4300
16.01.2014 00:39:45.855,1.48402,1.48202,2.3100,2.9500
16.01.2014 00:39:47.086,1.48403,1.48203,2.8400,2.5900
16.01.2014 00:39:48.562,1.48402,1.48202,2.9800,1.6500
16.01.2014 00:39:50.046,1.48401,1.48201,2.5200,2.3200
16.01.2014 00:39:51.521,1.48402,1.48202,2.3800,1.0300
16.01.2014 00:39:52.817,1.48401,1.48201,1.0300,1.6400
16.01.2014 00:39:54.140,1.48402,1.48202,2.0700,1.9600
16.01.2014 00:39:55.445,1.48403,1.48203,2.8600,2.0700
16.01.2014 00:39:56.675,1.48404,1.48204,1.6200,1.5600
16.01.2014 00:39:57.924,1.48405,1.48205,2.3900,2.7700
16.01.2014 00:39:59.308,1.48407,1.48207,1.6000,1.4700
16.01.2014 00:40:00.628,1.48405,1.48205,1.3400,2.4400
16.01.2014 00:40:02.140,1.48403,1.48203,1.9400,1.9500
16.01.2014 00:40:03.496,1.48402,1.48202,2.4100,1.4300
16.01.2014 00:40:04.886,1.48403,1.48203,2.2000,2.7100
16.01.2014 00:40:06.246,1.48405,1.48205,2.7300,2.9300
16.01.2014 00:40:07.747,1.48403,1.48203,2.7000,2.1300
16.01.2014 00:40:09.043,1.48401,1.48201,2.1800,1.1600
16.01.2014 00:40:10.325,1.48401,1.48201,1.7200,2.1900
16.01.2014 00:40:11.821,1.48400,1.48200,1.1800,2.7500
16.01.2014 00:40:13.203,1.48396,1.48196,2.5700,2.1400
16.01.2014 00:40:14.460,1.48397,1.48197,1.2000,1.3900
16.01.2014 00:40:15.864,1.48401,1.48201,1.6200,2.2200
16.01.2014 00:40:17.404,1.48402,1.48202,2.7000,1.3600
16.01.2014 00:40:18.751,1.48401,1.48201,1.3500,2.2800
16.01.2014 00:40:20.180,1.48397,1.48197,2.9800,1.6900
16.01.2014 00:40:21.695,1.48396,1.48196,2.9000,1.3600
16.01.2014 00:40:23.020,1.48396,1.48196,2.8300,2.7800
16.01.2014 00:40:24.470,1.48398,1.48198,1.7500,1.6800
16.01.2014 00:40:25.859,1.48398,1.48198,2.9300,1.6000
16.01.2014 00:40:27.285,1.48396,1.48196,2.9500,2.1700
16.01.2014 00:40:28.669,1.48397,1.48197,1.7700,1.0500
16.01.2014 00:40:30.081,1.48397,1.48197,2.9200,1.4300
16.01.2014 00:40:31.382,1.48397,1.48197,1.0900,2.7600
16.01.2014 00:40:32.714,1.48396,1.48196,2.7700,2.4800
16.01.2014 00:40:34.028,1.48396,1.48196,2.6500,1.3200
16.01.2014 00:40:35.442,1.48395,1.48195,1.3900,1.2200
16.01.2014 00:40:36.664,1.48395,1.48195,2.5700,1.3000
16.01.2014 00:40:38.031,1.48394,1.48194,1.2000,2.6900
16.01.2014 00:40:39.330,1.48395,1.48195,2.8900,1.0100
16.01.2014 00:40:40.689,1.48396,1.48196,2.6500,2.9800
16.01.2014 00:40:42.159,1.48394,1.48194,2.4700,1.1900
16.01.2014 00:40:43.494,1.48397,1.48197,1.7100,2.9700
16.01.2014 00:40:44.850,1.48397,1.48197,1.2800,1.8100
16.01.2014 00:40:46.365,1.48400,1.48200,2.2200,2.1200
16.01.2014 00:40:47.696,1.48401,1.48201,1.1800,2.0100
16.01.2014 00:40:49.132,1.48401,1.48201,2.8600,1.8400
16.01.2014 00:40:50.605,1.48405,1.48205,1.6500,1.7000
16.01.2014 00:40:52.101,1.48404,1.48204,1.4300,2.5000
16.01.2014 00:40:53.456,1.48404,1.48204,1.6300,2.1800
16.01.2014 00:40:54.874,1.48405,1.48205,1.8900,2.6100
16.01.2014 00:40:56.449,1.48406,1.48206,1.1000,1.5900
16.01.2014 00:40:57.835,1.48409,1.48209,1.2100,1.3900
16.01.2014 00:40:59.262,1.48410,1.48210,1.4700,1.0900
16.01.2014 00:41:00.639,1.48408,1.48208,2.9300,1.3600
16.01.2014 00:41:01.955,1.48410,1.48210,2.9300,1.7600
16.01.2014 00:41:03.285,1.48413,1.48213,2.0600,2.8200
16.01.2014 00:41:04.871,1.48413,1.48213,1.9900,2.4500
16.01.2014 00:41:06.238,1.48415,1.48215,2.5600,2.7000
16.01.2014 00:41:07.730,1.48415,1.48215,2.9500,1.8400
16.01.2014 00:41:09.256,1.48415,1.48215,2.2600,2.1000
16.01.2014 00:41:10.734,1.48415,1.48215,2.9600,2.5100
16.01.2014 00:41:12.242,1.48415,1.48215,2.2200,1.8700
16.01.2014 00:41:13.608,1.48417,1.48217,1.0400,2.5900
16.01.2014 00:41:14.882,1.48417,1.48217,2.8200,2.3500
16.01.2014 00:41:16.234,1.48415,1.48215,1.5000,1.3000
16.01.2014 00:41:17.623,1.48416,1.48216,2.8700,1.0900
16.01.2014 00:41:18.948,1.48417,1.48217,1.0300,1.2100
16.01.2014 00:41:20.250,1.48418,1.48218,2.1800,1.6800
16.01.2014 00:41:21.605,1.48418,1.48218,2.0100,2.3500
16.01.2014 00:41:23.074,1.48417,1.48217,2.9700,2.5800
16.01.2014 00:41:24.227,1.48417,1.48217,1.2600,2.3900
16.01.2014 00:41:25.696,1.48417,1.48217,1.6200,2.4300
16.01.2014 00:41:26.866,1.48416,1.48216,1.8200,1.0600
16.01.2014 00:41:28.242,1.48416,1.48216,1.7100,1.8200
16.01.2014 00:41:29.634,1.48415,1.48215,1.2600,2.9600
16.01.2014 00:41:30.778,1.48415,1.48215,1.8100,1.6300
16.01.2014 00:41:32.196,1.48414,1.48214,2.6200,2.7000
16.01.2014 00:41:33.508,1.48413,1.48213,2.9900,2.6500
16.01.2014 00:41:35.017,1.48411,1.48211,2.4400,2.0900
16.01.2014 00:41:36.507,1.48411,1.48211,2.1700,2.7700
16.01.2014 00:41:37.891,1.48411,1.48211,1.9500,1.0100
16.01.2014 00:41:39.109,1.48412,1.48212,1.4400,1.4300
16.01.2014 00:41:40.628,1.48414,1.48214,1.1800,1.7800
16.01.2014 00:41:42.118,1.48413,1.48213,2.4600,2.3500
16.01.2014 00:41:43.534,1.48409,1.48209,1.6000,2.5400
16.01.2014 00:41:44.995,1.48410,1.48210,2.7100,2.3700
16.01.2014 00:41:46.358,1.48408,1.48208,1.0800,1.1800
16.01.2014 00:41:47.816,1.48410,1.48210,1.2000,1.4100
16.01.2014 00:41:49.197,1.48410,1.48210,1.2700,2.0200
16.01.2014 00:41:50.638,1.48413,1.48213,1.5800,1.3200
16.01.2014 00:41:51.899,1.48414,1.48214,1.2600,1.7300
16.01.2014 00:41:53.086,1.48413,1.48213,2.2400,2.2300
16.01.2014 00:41:54.493,1.48412,1.48212,2.9500,2.5800
16.01.2014 00:41:55.733,1.48414,1.48214,2.2500,1.9500
16.01.2014 00:41:57.072,1.48413,1.48213,2.4800,1.0800
16.01.2014 00:41:58.582,1.48413,1.48213,1.0100,1.2300
16.01.2014 00:42:00.098,1.48411,1.48211,2.4100,2.4900
16.01.2014 00:42:01.612,1.48413,1.48213,1.2900,1.2800
16.01.2014 00:42:02.969,1.48411,1.48211,1.3200,1.2000
16.01.2014 00:42:04.350,1.48412,1.48212,1.2900,1.3200
16.01.2014 00:42:05.739,1.48414,1.48214,1.0000,1.0300
16.01.2014 00:42:07.206,1.48412,1.48212,1.7200,1.2100
16.01.2014 00:42:08.570,1.48414,1.48214,2.9900,1.2600
16.01.2014 00:42:09.866,1.48415,1.48215,2.3500,2.7400
16.01.2014 00:42:11.156,1.48413,1.48213,2.5000,2.0600
16.01.2014 00:42:12.531,1.48414,1.48214,2.8800,1.7200
16.01.2014 00:42:13.793,1.48415,1.48215,1.1700,2.7800
16.01.2014 00:42:15.288,1.48415,1.48215,1.6000,1.7000
16.01.2014 00:42:16.784,1.48416,1.48216,1.1800,2.5800
16.01.2014 00:42:18.274,1.48414,1.48214,1.9900,2.0300
16.01.2014 00:42:19.599,1.48417,1.48217,2.8400,1.5800
16.01.2014 00:42:21.159,1.48419,1.48219,2.5000,1.4700
16.01.2014 00:42:22.380,1.48416,1.48216,1.2600,1.9200
16.01.2014 00:42:23.845,1.48417,1.48217,2.2500,2.3200
16.01.2014 00:42:25.270,1.48417,1.48217,1.6500,1.9500
16.01.2014 00:42:26.786,1.48416,1.48216,2.4200,2.0400
16.01.2014 00:42:28.147,1.48413,1.48213,1.9300,2.4200
16.01.2014 00:42:29.578,1.48409,1.48209,2.7000,1.9700
16.01.2014 00:42:30.822,1.48410,1.48210,2.5500,2.6700
16.01.2014 00:42:32.134,1.48412,1.48212,2.3200,1.9500
16.01.2014 00:42:33.643,1.48408,1.48208,2.8800,1.8700
16.01.2014 00:42:34.933,1.48408,1.48208,1.7400,1.9100
16.01.2014 00:42:36.288,1.48407,1.48207,2.6200,1.1600
16.01.2014 00:42:37.740,1.48406,1.48206,1.7200,1.2400
16.01.2014 00:42:38.977,1.48407,1.48207,2.2700,1.7100
16.01.2014 00:42:40.431,1.48407,1.48207,2.5900,2.2300
16.01.2014 00:42:41.780,1.48406,1.48206,2.9000,1.1900
16.01.2014 00:42:43.274,1.48408,1.48208,1.9500,2.2600
16.01.2014 00:42:44.817,1.48406,1.48206,1.6600,2.1000
16.01.2014 00:42:46.050,1.48408,1.48208,2.8800,2.5100
16.01.2014 00:42:47.475,1.48407,1.48207,2.2400,1.8000
16.01.2014 00:42:48.710,1.48407,1.48207,2.8700,1.9800
16.01.2014 00:42:50.114,1.48406,1.48206,2.1200,2.8700
16.01.2014 00:42:51.676,1.48407,1.48207,1.3800,2.4100
16.01.2014 00:42:53.049,1.48409,1.48209,2.7200,1.0800
16.01.2014 00:42:54.601,1.48412,1.48212,2.4200,1.0500
16.01.2014 00:42:56.199,1.48415,1.48215,2.9200,1.2300
16.01.2014 00:42:57.683,1.48415,1.48215,2.1100,2.1600
16.01.2014 00:42:59.028,1.48415,1.48215,1.1000,1.7600
16.01.2014 00:43:00.395,1.48415,1.48215,1.5300,2.3800
16.01.2014 00:43:01.767,1.48417,1.48217,1.3000,1.8100
