Time,Ask,Bid,AskVolume,BidVolume
09.01.2014 00:00:01.997,1.47674,1.47474,1.9600,1.5900
09.01.2014 00:00:03.444,1.47672,1.47472,1.8400,1.2000
09.01.2014 00:00:04.673,1.47672,1.47472,1.7800,1.7000
09.01.2014 00:00:05.950,1.47672,1.47472,2.6500,2.0200
09.01.2014 00:00:07.326,1.47674,1.47474,2.7100,2.2400
09.01.2014 00:00:08.614,1.47674,1.47474,1.1900,1.0800
09.01.2014 00:00:09.941,1.47674,1.47474,2.7500,2.2500
09.01.2014 00:00:11.346,1.47674,1.47474,2.5900,2.7200
09.01.2014 00:00:12.833,1.47675,1.47475,2.7200,2.6300
09.01.2014 00:00:14.368,1.47672,1.47472,1.9500,2.9500
09.01.2014 00:00:15.771,1.47672,1.47472,2.8700,2.4200
09.01.2014 00:00:17.129,1.47671,1.47471,1.1300,1.5100
09.01.2014 00:00:18.501,1.47673,1.47473,2.6700,2.9200
09.01.2014 00:00:19.857,1.47672,1.47472,3.0000,1.6700
09.01.2014 00:00:21.289,1.47672,1.47472,2.8400,2.0800
09.01.2014 00:00:22.849,1.47672,1.47472,1.5900,2.8100
09.01.2014 00:00:24.195,1.47674,1.47474,2.3300,2.3000
09.01.2014 00:00:25.612,1.47674,1.47474,2.0000,1.7200
09.01.2014 00:00:27.047,1.47676,1.47476,2.0800,2.7600
09.01.2014 00:00:28.333,1.47676,1.47476,1.0700,1.6900
09.01.2014 00:00:29.547,1.47676,1.47476,1.0600,2.5400
09.01.2014 00:00:31.048,1.47673,1.47473,1.8900,2.1400
09.01.2014 00:00:32.445,1.47674,1.47474,2.4600,1.3400
09.01.2014 00:00:33.845,1.47672,1.47472,1.2800,1.2600
09.01.2014 00:00:35.311,1.47673,1.47473,2.4200,2.7500
09.01.2014 00:00:36.693,1.47674,1.47474,1.5900,1.5700
09.01.2014 00:00:38.154,1.47675,1.47475,1.6500,1.4300
09.01.2014 00:00:39.360,1.47676,1.47476,1.7100,1.1600
09.01.2014 00:00:40.781,1.47675,1.47475,2.4300,2.4100
09.01.2014 00:00:42.145,1.47674,1.47474,2.2500,2.5300
09.01.2014 00:00:43.656,1.47674,1.47474,2.4300,1.7500
09.01.2014 00:00:45.072,1.47672,1.47472,2.0900,1.7600
09.01.2014 00:00:46.687,1.47676,1.47476,2.5300,2.2100
09.01.2014 00:00:48.048,1.47674,1.47474,2.9600,1.5500
09.01.2014 00:00:49.479,1.47676,1.47476,1.3500,1.3400
09.01.2014 00:00:50.885,1.47677,1.47477,1.3900,2.7000
09.01.2014 00:00:52.159,1.47680,1.47480,2.7400,2.6000
09.01.2014 00:00:53.504,1.47681,1.47481,2.7800,2.6300
09.01.2014 00:00:54.994,1.47679,1.47479,2.7200,2.0400
09.01.2014 00:00:56.468,1.47678,1.47478,2.6400,1.0200
09.01.2014 00:00:58.071,1.47681,1.47481,1.9300,1.7500
09.01.2014 00:00:59.466,1.47680,1.47480,2.1400,1.7200
09.01.2014 00:01:00.840,1.47680,1.47480,1.3600,1.4400
09.01.2014 00:01:02.362,1.47679,1.47479,2.3400,2.9200
09.01.2014 00:01:03.725,1.47681,1.47481,2.3900,2.8700
09.01.2014 00:01:05.211,1.47680,1.47480,2.8600,2.5800
09.01.2014 00:01:06.545,1.47682,1.47482,1.2600,2.0000
09.01.2014 00:01:07.738,1.47682,1.47482,1.4800,2.7600
09.01.2014 00:01:09.079,1.47683,1.47483,2.6900,2.6300
09.01.2014 00:01:10.579,1.47680,1.47480,1.7600,1.8500
09.01.2014 00:01:11.773,1.47677,1.47477,2.1700,2.2000
09.01.2014 00:01:13.254,1.47680,1.47480,2.6900,2.1500
09.01.2014 00:01:14.652,1.47677,1.47477,1.4800,2.5600
09.01.2014 00:01:16.129,1.47678,1.47478,2.9600,2.1700
09.01.2014 00:01:17.421,1.47679,1.47479,1.1700,1.2400
09.01.2014 00:01:18.843,1.47680,1.47480,2.4300,2.1000
09.01.2014 00:01:20.214,1.47675,1.47475,1.3800,1.1900
09.01.2014 00:01:21.590,1.47672,1.47472,1.8100,2.3000
09.01.2014 00:01:23.114,1.47670,1.47470,1.8900,2.7300
09.01.2014 00:01:24.488,1.47668,1.47468,1.3100,2.9500
09.01.2014 00:01:25.984,1.47671,1.47471,2.5600,2.7100
09.01.2014 00:01:27.105,1.47671,1.47471,1.6400,1.4700
09.01.2014 00:01:28.210,1.47671,1.47471,2.1100,1.5300
09.01.2014 00:01:29.760,1.47674,1.47474,2.8000,1.4800
09.01.2014 00:01:31.079,1.47676,1.47476,1.5800,1.8100
09.01.2014 00:01:32.445,1.47676,1.47476,2.9600,1.9100
09.01.2014 00:01:34.044,1.47675,1.47475,2.1900,2.5700
09.01.2014 00:01:35.393,1.47674,1.47474,1.2200,2.3100
09.01.2014 00:01:36.756,1.47673,1.47473,2.6400,2.9700
09.01.2014 00:01:38.220,1.47674,1.47474,2.0000,1.3100
09.01.2014 00:01:39.743,1.47670,1.47470,2.5200,2.6200
09.01.2014 00:01:41.052,1.47668,1.47468,1.6100,2.0200
09.01.2014 00:01:42.427,1.47667,1.47467,2.6100,2.9000
09.01.2014 00:01:43.947,1.47666,1.47466,1.0800,2.0800
09.01.2014 00:01:45.200,1.47668,1.47468,1.6200,1.8700
09.01.2014 00:01:46.573,1.47667,1.47467,2.7200,2.8600
09.01.2014 00:01:48.047,1.47669,1.47469,1.3500,1.1400
09.01.2014 00:01:49.535,1.47668,1.47468,1.2900,2.5600
09.01.2014 00:01:50.895,1.47667,1.47467,2.2200,1.2800
09.01.2014 00:01:52.213,1.47667,1.47467,1.6600,1.5100
09.01.2014 00:01:53.431,1.47667,1.47467,2.0300,1.6800
09.01.2014 00:01:54.747,1.47665,1.47465,1.3300,1.8600
09.01.2014 00:01:56.195,1.47665,1.47465,2.8200,1.2800
09.01.2014 00:01:57.675,1.47666,1.47466,2.8700,2.2500
09.01.2014 00:01:59.180,1.47668,1.47468,2.9000,2.1200
09.01.2014 00:02:00.474,1.47667,1.47467,1.3900,2.0100
09.01.2014 00:02:01.820,1.47667,1.47467,1.5700,2.9600
09.01.2014 00:02:03.121,1.47665,1.47465,2.2700,1.3500
09.01.2014 00:02:04.524,1.47668,1.47468,2.6200,1.9900
09.01.2014 00:02:05.779,1.47667,1.47467,2.7900,2.2100
09.01.2014 00:02:07.160,1.47665,1.47465,1.2100,1.6300
09.01.2014 00:02:08.414,1.47664,1.47464,2.0400,1.1500
09.01.2014 00:02:09.776,1.47666,1.47466,2.2500,2.4400
09.01.2014 00:02:11.320,1.47668,1.47468,2.0800,1.8600
09.01.2014 00:02:12.732,1.47667,1.47467,2.7100,2.3400
09.01.2014 00:02:14.102,1.47664,1.47464,1.6500,1.6100
09.01.2014 00:02:15.648,1.47665,1.47465,1.1800,2.9400
09.01.2014 00:02:16.996,1.47666,1.47466,2.7800,2.4500
09.01.2014 00:02:18.302,1.47664,1.47464,2.0300,2.0100
09.01.2014 00:02:19.693,1.47665,1.47465,1.9100,1.4100
09.01.2014 00:02:21.260,1.47666,1.47466,1.9700,2.1500
09.01.2014 00:02:22.692,1.47667,1.47467,2.3100,2.5100
09.01.2014 00:02:24.076,1.47670,1.47470,1.0600,2.6500
09.01.2014 00:02:25.455,1.47672,1.47472,2.7400,1.8000
09.01.2014 00:02:26.989,1.47672,1.47472,1.4200,1.2200
09.01.2014 00:02:28.496,1.47672,1.47472,1.1500,2.8100
09.01.2014 00:02:30.091,1.47673,1.47473,1.6500,2.6800
09.01.2014 00:02:31.549,1.47676,1.47476,2.5300,2.7500
09.01.2014 00:02:33.017,1.47675,1.47475,1.0900,1.6200
09.01.2014 00:02:34.451,1.47672,1.47472,2.9000,1.8700
09.01.2014 00:02:35.869,1.47674,1.47474,2.4000,1.9700
09.01.2014 00:02:37.249,1.47674,1.47474,2.6400,2.6500
09.01.2014 00:02:38.469,1.47673,1.47473,2.6700,1.0600
09.01.2014 00:02:39.884,1.47673,1.47473,1.7500,2.3500
09.01.2014 00:02:41.205,1.47671,1.47471,2.6900,1.4700
09.01.2014 00:02:42.636,1.47669,1.47469,2.9600,1.6900
09.01.2014 00:02:44.190,1.47670,1.47470,1.6100,1.6700
09.01.2014 00:02:45.607,1.47672,1.47472,1.4900,2.8000
09.01.2014 00:02:47.003,1.47670,1.47470,1.2900,2.3900
09.01.2014 00:02:48.392,1.47670,1.47470,1.0400,2.9800
09.01.2014 00:02:49.645,1.47670,1.47470,2.6600,1.3100
09.01.2014 00:02:51.039,1.47669,1.47469,2.7000,2.6700
09.01.2014 00:02:52.462,1.47670,1.47470,1.3900,1.2200
09.01.2014 00:02:53.908,1.47672,1.47472,1.3800,2.9000
09.01.2014 00:02:55.234,1.47671,1.47471,2.2200,2.4300
09.01.2014 00:02:56.544,1.47671,1.47471,1.5900,1.3800
09.01.2014 00:02:57.961,1.47672,1.47472,2.5300,2.0600
09.01.2014 00:02:59.233,1.47670,1.47470,1.7100,2.8600
09.01.2014 00:03:00.857,1.47670,1.47470,2.0000,1.7700
09.01.2014 00:03:02.403,1.47673,1.47473,2.6900,2.7300
09.01.2014 00:03:03.835,1.47674,1.47474,2.9100,2.7400
09.01.2014 00:03:05.240,1.47673,1.47473,2.7600,2.7200
09.01.2014 00:03:06.533,1.47671,1.47471,2.4900,1.6800
09.01.2014 00:03:07.956,1.47675,1.47475,1.5800,2.2200
09.01.2014 00:03:09.454,1.47677,1.47477,1.3600,3.0000
09.01.2014 00:03:10.787,1.47679,1.47479,2.5600,2.6200
09.01.2014 00:03:11.994,1.47676,1.47476,2.1700,1.9900
09.01.2014 00:03:13.526,1.47673,1.47473,1.9200,2.5800
09.01.2014 00:03:14.990,1.47672,1.47472,1.3000,2.9900
09.01.2014 00:03:16.384,1.47673,1.47473,1.9400,2.6100
09.01.2014 00:03:17.769,1.47673,1.47473,1.7500,2.9600
09.01.2014 00:03:19.202,1.47672,1.47472,1.6200,1.7000
09.01.2014 00:03:20.579,1.47670,1.47470,1.5500,2.3100
09.01.2014 00:03:21.917,1.47670,1.47470,1.6700,2.0500
09.01.2014 00:03:23.184,1.47669,1.47469,1.9900,1.6900
09.01.2014 00:03:24.378,1.47670,1.47470,2.6500,1.2000
09.01.2014 00:03:25.658,1.47671,1.47471,1.7500,1.2300
09.01.2014 00:03:27.113,1.47671,1.47471,1.3800,1.7800
09.01.2014 00:03:28.403,1.47672,1.47472,1.2100,2.4000
09.01.2014 00:03:29.909,1.47672,1.47472,2.2200,2.2300
09.01.2014 00:03:31.554,1.47671,1.47471,2.5500,2.0600
09.01.2014 00:03:32.912,1.47671,1.47471,2.1800,1.4000
09.01.2014 00:03:34.336,1.47673,1.47473,1.8100,2.2800
09.01.2014 00:03:35.546,1.47672,1.47472,1.3900,2.5200
09.01.2014 00:03:37.017,1.47674,1.47474,2.1300,1.1200
09.01.2014 00:03:38.301,1.47674,1.47474,2.6600,1.5300
09.01.2014 00:03:39.704,1.47676,1.47476,1.4400,1.1100
09.01.2014 00:03:40.888,1.47676,1.47476,1.9800,2.9700
09.01.2014 00:03:42.446,1.47673,1.47473,1.0200,1.3100
09.01.2014 00:03:43.845,1.47672,1.47472,2.7700,2.7300
09.01.2014 00:03:45.160,1.47672,1.47472,1.5600,1.7800
09.01.2014 00:03:46.569,1.47668,1.47468,2.5900,2.3800
09.01.2014 00:03:47.966,1.47670,1.47470,1.1100,2.0900
09.01.2014 00:03:49.284,1.47668,1.47468,2.8200,2.6800
09.01.2014 00:03:50.655,1.47667,1.47467,1.3100,2.6100
09.01.2014 00:03:52.006,1.47667,1.47467,1.5200,1.8200
09.01.2014 00:03:53.401,1.47667,1.47467,1.5100,1.7500
09.01.2014 00:03:55.003,1.47666,1.47466,2.2300,1.3600
09.01.2014 00:03:56.370,1.47665,1.47465,2.2500,1.1200
09.01.2014 00:03:57.882,1.47667,1.47467,1.8400,2.7100
09.01.2014 00:03:59.284,1.47666,1.47466,1.5500,2.1700
09.01.2014 00:04:00.782,1.47667,1.47467,1.0000,1.7600
09.01.2014 00:04:02.086,1.47667,1.47467,2.8500,2.2700
09.01.2014 00:04:03.570,1.47669,1.47469,1.9000,2.0500
09.01.2014 00:04:04.922,1.47668,1.47468,1.6500,1.9300
09.01.2014 00:04:06.262,1.47667,1.47467,1.3800,2.2000
09.01.2014 00:04:07.500,1.47670,1.47470,2.1200,1.4600
09.01.2014 00:04:08.923,1.47669,1.47469,1.1000,1.5200
09.01.2014 00:04:10.230,1.47671,1.47471,1.6500,1.7300
09.01.2014 00:04:11.685,1.47669,1.47469,1.0400,1.2000
09.01.2014 00:04:12.999,1.47669,1.47469,1.2000,2.5700
09.01.2014 00:04:14.315,1.47668,1.47468,2.1900,2.1600
09.01.2014 00:04:15.642,1.47667,1.47467,2.4800,1.8600
09.01.2014 00:04:17.202,1.47665,1.47465,2.5600,3.0000
09.01.2014 00:04:18.502,1.47666,1.47466,1.4200,1.0700
09.01.2014 00:04:19.993,1.47668,1.47468,1.0400,1.8400
09.01.2014 00:04:21.150,1.47670,1.47470,1.4500,1.8600
09.01.2014 00:04:22.587,1.47672,1.47472,1.4000,2.2600
09.01.2014 00:04:24.062,1.47670,1.47470,2.0000,1.0900
09.01.2014 00:04:25.506,1.47671,1.47471,1.8200,1.3000
09.01.2014 00:04:26.938,1.47672,1.47472,2.1800,1.3400
09.01.2014 00:04:28.391,1.47673,1.47473,1.7100,1.7200
09.01.2014 00:04:29.828,1.47671,1.47471,1.6900,2.0500
09.01.2014 00:04:31.220,1.47672,1.47472,1.7900,2.9500
09.01.2014 00:04:32.522,1.47673,1.47473,2.8300,1.4300
09.01.2014 00:04:33.949,1.47672,1.47472,2.0100,2.7200
09.01.2014 00:04:35.322,1.47672,1.47472,2.5800,1.5700
09.01.2014 00:04:36.658,1.47671,1.47471,1.7400,2.0800
09.01.2014 00:04:38.158,1.47673,1.47473,1.7500,2.6300
09.01.2014 00:04:39.503,1.47671,1.47471,1.0200,2.3200
09.01.2014 00:04:40.755,1.47672,1.47472,1.5200,2.9100
09.01.2014 00:04:42.162,1.47672,1.47472,2.4100,1.9800
09.01.2014 00:04:43.620,1.47672,1.47472,2.2500,2.6500
09.01.2014 00:04:45.165,1.47674,1.47474,1.9600,2.2200
09.01.2014 00:04:46.555,1.47675,1.47475,2.3800,2.6300
09.01.2014 00:04:47.817,1.47676,1.47476,2.7600,1.5100
09.01.2014 00:04:49.134,1.47674,1.47474,2.1000,2.9900
09.01.2014 00:04:50.642,1.47674,1.47474,2.0200,2.4200
09.01.2014 00:04:51.984,1.47674,1.47474,1.8100,1.2400
09.01.2014 00:04:53.271,1.47669,1.47469,1.8400,2.1100
09.01.2014 00:04:54.922,1.47671,1.47471,2.7900,2.2800
09.01.2014 00:04:56.437,1.47670,1.47470,2.8200,2.5200
09.01.2014 00:04:57.709,1.47669,1.47469,2.4000,2.9900
09.01.2014 00:04:59.166,1.47672,1.47472,1.9200,2.6400
09.01.2014 00:05:00.711,1.47672,1.47472,2.1500,1.7700
09.01.2014 00:05:02.143,1.47677,1.47477,1.0400,1.4600
09.01.2014 00:05:03.569,1.47677,1.47477,2.2400,1.5000
09.01.2014 00:05:04.879,1.47676,1.47476,1.9800,1.2600
09.01.2014 00:05:06.411,1.47674,1.47474,2.0100,2.8200
09.01.2014 00:05:07.845,1.47676,1.47476,2.5300,1.9700
09.01.2014 00:05:09.275,1.47676,1.47476,2.7600,1.5000
09.01.2014 00:05:10.887,1.47675,1.47475,2.4100,2.8600
09.01.2014 00:05:12.256,1.47674,1.47474,1.2400,1.9200
09.01.2014 00:05:13.694,1.47674,1.47474,2.2800,2.5500
09.01.2014 00:05:15.030,1.47672,1.47472,1.7700,1.1700
09.01.2014 00:05:16.529,1.47674,1.47474,2.2700,2.7700
09.01.2014 00:05:18.059,1.47672,1.47472,2.5700,2.0400
09.01.2014 00:05:19.368,1.47668,1.47468,2.7300,2.6500
09.01.2014 00:05:20.737,1.47668,1.47468,2.2700,1.8500
09.01.2014 00:05:22.129,1.47667,1.47467,1.5900,2.8600
09.01.2014 00:05:23.592,1.47666,1.47466,2.4600,1.3900
09.01.2014 00:05:25.254,1.47666,1.47466,2.1200,2.2000
09.01.2014 00:05:26.773,1.47669,1.47469,2.9600,1.7000
09.01.2014 00:05:28.295,1.47667,1.47467,1.6700,2.7000
09.01.2014 00:05:29.539,1.47666,1.47466,2.1700,2.5800
09.01.2014 00:05:30.741,1.47668,1.47468,1.8200,1.3500
09.01.2014 00:05:31.957,1.47666,1.47466,1.9600,1.0100
09.01.2014 00:05:33.455,1.47667,1.47467,2.5600,2.9600
09.01.2014 00:05:34.994,1.47668,1.47468,1.4000,1.9200
09.01.2014 00:05:36.546,1.47664,1.47464,2.5300,2.3300
09.01.2014 00:05:37.951,1.47663,1.47463,1.3300,2.9800
09.01.2014 00:05:39.456,1.47665,1.47465,2.4000,2.7900
09.01.2014 00:05:40.715,1.47666,1.47466,1.9900,1.0400
09.01.2014 00:05:42.044,1.47668,1.47468,1.6100,1.0100
09.01.2014 00:05:43.341,1.47664,1.47464,2.3800,2.0000
09.01.2014 00:05:44.896,1.47666,1.47466,2.5000,1.7700
09.01.2014 00:05:46.234,1.47666,1.47466,2.9800,2.8100
09.01.2014 00:05:47.588,1.47668,1.47468,2.0200,2.1000
09.01.2014 00:05:49.045,1.47665,1.47465,2.3900,2.0500
09.01.2014 00:05:50.502,1.47665,1.47465,1.3700,1.4100
09.01.2014 00:05:51.757,1.47666,1.47466,2.9700,1.2900
09.01.2014 00:05:53.092,1.47667,1.47467,1.6400,2.6900
09.01.2014 00:05:54.442,1.47665,1.47465,1.0400,1.9900
09.01.2014 00:05:55.836,1.47665,1.47465,1.9400,1.2600
09.01.2014 00:05:57.381,1.47664,1.47464,2.4700,1.7900
09.01.2014 00:05:58.502,1.47664,1.47464,1.7100,2.4900
09.01.2014 00:05:59.923,1.47663,1.47463,1.2700,1.6500
09.01.2014 00:06:01.318,1.47663,1.47463,2.8500,1.2700
09.01.2014 00:06:02.638,1.47665,1.47465,2.3600,2.4500
09.01.2014 00:06:04.157,1.47666,1.47466,2.0500,1.5800
09.01.2014 00:06:05.439,1.47665,1.47465,2.1900,1.8000
09.01.2014 00:06:06.836,1.47665,1.47465,1.5400,1.9000
09.01.2014 00:06:08.103,1.47665,1.47465,1.9000,2.0900
09.01.2014 00:06:09.457,1.47663,1.47463,2.5000,1.0500
09.01.2014 00:06:10.890,1.47661,1.47461,1.4100,1.7500
09.01.2014 00:06:12.177,1.47659,1.47459,2.8100,2.7600
09.01.2014 00:06:13.567,1.47658,1.47458,2.9500,1.9900
09.01.2014 00:06:14.813,1.47660,1.47460,1.9900,1.2600
09.01.2014 00:06:16.258,1.47660,1.47460,2.6300,2.2900
09.01.2014 00:06:17.707,1.47661,1.47461,1.9600,1.4100
09.01.2014 00:06:19.010,1.47659,1.47459,1.2600,1.5600
09.01.2014 00:06:20.288,1.47661,1.47461,1.6300,2.9000
09.01.2014 00:06:21.683,1.47661,1.47461,1.9500,1.2800
09.01.2014 00:06:23.098,1.47662,1.47462,2.6500,1.0300
09.01.2014 00:06:24.450,1.47664,1.47464,2.1300,1.8600
09.01.2014 00:06:25.947,1.47662,1.47462,2.9800,1.2500
09.01.2014 00:06:27.214,1.47663,1.47463,1.2600,2.3100
09.01.2014 00:06:28.593,1.47661,1.47461,2.8600,2.0100
09.01.2014 00:06:29.748,1.47659,1.47459,2.4900,1.6600
09.01.2014 00:06:31.084,1.47656,1.47456,2.7200,1.8100
09.01.2014 00:06:32.520,1.47655,1.47455,2.0000,2.0400
09.01.2014 00:06:34.050,1.47654,1.47454,1.1800,2.9200
09.01.2014 00:06:35.486,1.47654,1.47454,1.0100,1.7100
09.01.2014 00:06:36.887,1.47654,1.47454,1.7600,2.9300
09.01.2014 00:06:38.327,1.47656,1.47456,1.2200,1.4600
09.01.2014 00:06:39.746,1.47660,1.47460,2.7300,1.8000
09.01.2014 00:06:40.979,1.47660,1.47460,1.4600,2.8700
09.01.2014 00:06:42.340,1.47657,1.47457,1.8900,1.9600
09.01.2014 00:06:43.829,1.47654,1.47454,1.3900,2.8000
09.01.2014 00:06:45.025,1.47653,1.47453,2.1800,1.2500
09.01.2014 00:06:46.321,1.47652,1.47452,1.5600,1.7700
09.01.2014 00:06:47.805,1.47652,1.47452,2.5400,1.9800
09.01.2014 00:06:49.180,1.47651,1.47451,2.1900,1.5100
09.01.2014 00:06:50.570,1.47652,1.47452,1.6400,1.1200
09.01.2014 00:06:51.945,1.47653,1.47453,1.6700,1.1100
09.01.2014 00:06:53.422,1.47655,1.47455,2.4300,1.1200
09.01.2014 00:06:54.751,1.47656,1.47456,2.0700,1.6800
09.01.2014 00:06:56.099,1.47658,1.47458,1.8900,2.9200
09.01.2014 00:06:57.185,1.47659,1.47459,2.9400,1.6900
09.01.2014 00:06:58.695,1.47659,1.47459,2.6400,1.7600
09.01.2014 00:07:00.006,1.47662,1.47462,1.5400,1.0300
09.01.2014 00:07:01.238,1.47663,1.47463,2.6300,1.9600
09.01.2014 00:07:02.855,1.47663,1.47463,1.3000,2.0000
09.01.2014 00:07:04.296,1.47665,1.47465,2.5100,2.7000
09.01.2014 00:07:05.698,1.47664,1.47464,1.8400,1.4100
09.01.2014 00:07:07.214,1.47662,1.47462,2.7900,2.2600
09.01.2014 00:07:08.739,1.47662,1.47462,2.8400,2.4000
09.01.2014 00:07:10.202,1.47663,1.47463,1.7900,2.5400
09.01.2014 00:07:11.565,1.47662,1.47462,2.5400,1.2400
09.01.2014 00:07:12.989,1.47664,1.47464,1.2100,2.7700
09.01.2014 00:07:14.468,1.47664,1.47464,1.8100,1.8600
09.01.2014 00:07:15.940,1.47664,1.47464,2.5000,1.0400
09.01.2014 00:07:17.355,1.47666,1.47466,2.0000,1.4800
09.01.2014 00:07:18.753,1.47663,1.47463,1.6700,1.0100
09.01.2014 00:07:20.125,1.47661,1.47461,1.3100,2.7400
09.01.2014 00:07:21.543,1.47662,1.47462,2.0600,1.7300
09.01.2014 00:07:23.010,1.47660,1.47460,2.5400,2.4800
09.01.2014 00:07:24.270,1.47662,1.47462,1.6300,2.7700
09.01.2014 00:07:25.831,1.47661,1.47461,1.2500,1.4500
09.01.2014 00:07:27.131,1.47660,1.47460,2.2600,2.7300
09.01.2014 00:07:28.495,1.47662,1.47462,1.6700,2.0700
09.01.2014 00:07:30.062,1.47662,1.47462,1.2900,2.8700
09.01.2014 00:07:31.562,1.47661,1.47461,2.0800,1.0000
09.01.2014 00:07:33.162,1.47663,1.47463,1.4600,1.5700
09.01.2014 00:07:34.480,1.47664,1.47464,2.7700,1.1000
09.01.2014 00:07:35.969,1.47670,1.47470,2.3400,1.8000
09.01.2014 00:07:37.403,1.47668,1.47468,1.4600,2.4600
09.01.2014 00:07:38.899,1.47671,1.47471,2.6300,1.8000
09.01.2014 00:07:40.202,1.47671,1.47471,1.0300,2.5100
09.01.2014 00:07:41.356,1.47670,1.47470,2.8300,1.6100
09.01.2014 00:07:42.652,1.47669,1.47469,1.2100,1.6500
09.01.2014 00:07:43.931,1.47668,1.47468,1.3200,2.8100
09.01.2014 00:07:45.260,1.47667,1.47467,2.9200,1.6500
09.01.2014 00:07:46.559,1.47668,1.47468,1.5900,1.8200
09.01.2014 00:07:48.085,1.47667,1.47467,2.4000,2.0900
09.01.2014 00:07:49.490,1.47669,1.47469,1.4500,1.9100
09.01.2014 00:07:50.997,1.47666,1.47466,1.0900,2.6700
09.01.2014 00:07:52.333,1.47667,1.47467,1.7100,1.5100
09.01.2014 00:07:53.774,1.47668,1.47468,2.5400,2.3700
09.01.2014 00:07:55.086,1.47671,1.47471,2.5200,1.2200
09.01.2014 00:07:56.508,1.47668,1.47468,2.9600,1.4100
09.01.2014 00:07:58.053,1.47669,1.47469,2.7100,1.4300
09.01.2014 00:07:59.372,1.47671,1.47471,1.3200,1.1600
09.01.2014 00:08:00.777,1.47671,1.47471,2.8100,1.6500
09.01.2014 00:08:02.255,1.47671,1.47471,1.8400,2.5900
09.01.2014 00:08:03.838,1.47671,1.47471,1.6500,1.8400
09.01.2014 00:08:05.158,1.47672,1.47472,2.4800,1.6500
09.01.2014 00:08:06.624,1.47670,1.47470,2.8400,2.3500
09.01.2014 00:08:07.937,1.47669,1.47469,2.5400,1.3800
09.01.2014 00:08:09.360,1.47669,1.47469,2.2600,1.0000
09.01.2014 00:08:10.907,1.47672,1.47472,1.8800,2.7700
09.01.2014 00:08:12.186,1.47671,1.47471,1.5400,2.5600
09.01.2014 00:08:13.647,1.47670,1.47470,2.1100,1.3600
09.01.2014 00:08:15.151,1.47668,1.47468,1.8300,1.5800
09.01.2014 00:08:16.351,1.47669,1.47469,2.7100,2.4700
09.01.2014 00:08:17.867,1.47671,1.47471,2.4200,1.1600
09.01.2014 00:08:19.129,1.47667,1.47467,2.7900,2.3900
09.01.2014 00:08:20.535,1.47667,1.47467,2.0900,1.0400
09.01.2014 00:08:21.923,1.47667,1.47467,1.5200,2.2400
09.01.2014 00:08:23.198,1.47667,1.47467,1.0700,1.6300
09.01.2014 00:08:24.591,1.47666,1.47466,1.3700,2.1000
09.01.2014 00:08:26.052,1.47667,1.47467,2.3900,2.4800
09.01.2014 00:08:27.340,1.47668,1.47468,1.9200,2.8400
09.01.2014 00:08:28.808,1.47669,1.47469,2.8100,2.1700
09.01.2014 00:08:30.168,1.47669,1.47469,1.1700,2.6300
09.01.2014 00:08:31.728,1.47669,1.47469,2.7800,1.8400
09.01.2014 00:08:32.889,1.47669,1.47469,1.5500,1.6200
09.01.2014 00:08:34.151,1.47668,1.47468,2.4800,2.6000
09.01.2014 00:08:35.602,1.47666,1.47466,1.5600,1.5900
09.01.2014 00:08:37.092,1.47664,1.47464,2.3100,1.6900
09.01.2014 00:08:38.562,1.47663,1.47463,1.8000,1.7600
09.01.2014 00:08:40.009,1.47664,1.47464,1.0600,1.9200
09.01.2014 00:08:41.337,1.47662,1.47462,2.3400,2.8000
09.01.2014 00:08:42.594,1.47661,1.47461,2.4600,1.0700
09.01.2014 00:08:44.055,1.47660,1.47460,2.5200,2.7100
09.01.2014 00:08:45.404,1.47661,1.47461,1.6100,2.3300
09.01.2014 00:08:46.703,1.47661,1.47461,2.2600,2.0200
09.01.2014 00:08:47.993,1.47658,1.47458,1.0400,2.1900
09.01.2014 00:08:49.425,1.47657,1.47457,1.0100,2.6800
09.01.2014 00:08:50.704,1.47656,1.47456,2.7800,1.2300
09.01.2014 00:08:52.203,1.47658,1.47458,1.1000,2.3600
09.01.2014 00:08:53.529,1.47658,1.47458,1.9300,1.7800
09.01.2014 00:08:54.945,1.47657,1.47457,2.4900,2.8500
09.01.2014 00:08:56.338,1.47656,1.47456,2.7500,1.8900
09.01.2014 00:08:57.663,1.47656,1.47456,1.3300,2.8700
09.01.2014 00:08:59.040,1.47655,1.47455,2.8400,2.3400
09.01.2014 00:09:00.401,1.47656,1.47456,2.4400,2.9800
09.01.2014 00:09:01.662,1.47654,1.47454,1.5200,1.7500
09.01.2014 00:09:03.096,1.47655,1.47455,2.2000,2.8800
09.01.2014 00:09:04.461,1.47656,1.47456,2.7200,2.8800
09.01.2014 00:09:05.829,1.47655,1.47455,1.4800,1.8300
09.01.2014 00:09:07.122,1.47654,1.47454,1.7200,2.3600
09.01.2014 00:09:08.412,1.47655,1.47455,2.4700,1.5100
09.01.2014 00:09:09.896,1.47655,1.47455,1.8500,2.0400
09.01.2014 00:09:11.211,1.47656,1.47456,2.4600,1.1700
09.01.2014 00:09:12.617,1.47655,1.47455,2.6400,2.2200
09.01.2014 00:09:13.942,1.47653,1.47453,2.1500,1.6800
09.01.2014 00:09:15.386,1.47654,1.47454,1.7200,1.1100
09.01.2014 00:09:16.736,1.47654,1.47454,2.4600,2.3600
09.01.2014 00:09:18.316,1.47654,1.47454,2.0300,1.7500
09.01.2014 00:09:19.862,1.47654,1.47454,2.3300,2.9300
09.01.2014 00:09:21.550,1.47653,1.47453,1.9500,1.5300
09.01.2014 00:09:22.826,1.47652,1.47452,1.0800,2.5200
09.01.2014 00:09:24.208,1.47650,1.47450,2.5800,2.9800
09.01.2014 00:09:25.653,1.47649,1.47449,1.6400,1.4600
09.01.2014 00:09:27.045,1.47647,1.47447,2.6100,2.2500
09.01.2014 00:09:28.396,1.47648,1.47448,2.4000,1.6100
09.01.2014 00:09:29.845,1.47648,1.47448,2.9100,2.4700
09.01.2014 00:09:31.255,1.47648,1.47448,1.4200,2.5000
09.01.2014 00:09:32.783,1.47646,1.47446,2.7200,1.0700
09.01.2014 00:09:34.213,1.47646,1.47446,2.2800,1.9300
09.01.2014 00:09:35.695,1.47645,1.47445,1.6000,2.6700
09.01.2014 00:09:37.116,1.47645,1.47445,1.9700,2.1300
09.01.2014 00:09:38.359,1.47646,1.47446,2.1200,1.9000
09.01.2014 00:09:39.789,1.47646,1.47446,2.8500,1.1300
09.01.2014 00:09:41.354,1.47646,1.47446,2.3200,2.6700
09.01.2014 00:09:42.585,1.47648,1.47448,1.2300,2.5600
09.01.2014 00:09:43.997,1.47648,1.47448,1.2500,1.3700
09.01.2014 00:09:45.214,1.47646,1.47446,1.9000,1.4300
09.01.2014 00:09:46.568,1.47648,1.47448,2.8600,2.7300
09.01.2014 00:09:47.815,1.47650,1.47450,1.6600,1.5700
09.01.2014 00:09:49.296,1.47651,1.47451,1.4500,2.9400
09.01.2014 00:09:50.654,1.47651,1.47451,1.5400,1.1700
09.01.2014 00:09:52.048,1.47651,1.47451,1.3500,2.6100
09.01.2014 00:09:53.403,1.47651,1.47451,1.0300,1.4000
09.01.2014 00:09:54.764,1.47651,1.47451,2.1900,2.0300
09.01.2014 00:09:56.228,1.47651,1.47451,2.8100,1.4300
09.01.2014 00:09:57.912,1.47652,1.47452,1.9500,1.6300
09.01.2014 00:09:59.261,1.47651,1.47451,2.8700,1.8100
09.01.2014 00:10:00.762,1.47652,1.47452,2.3700,1.4100
09.01.2014 00:10:02.270,1.47650,1.47450,2.6000,2.9900
09.01.2014 00:10:03.691,1.47649,1.47449,2.9600,1.8300
09.01.2014 00:10:04.924,1.47650,1.47450,2.2700,1.2300
09.01.2014 00:10:06.417,1.47648,1.47448,2.2900,1.8300
09.01.2014 00:10:07.669,1.47646,1.47446,2.1500,2.0100
09.01.2014 00:10:09.143,1.47646,1.47446,2.5500,1.7400
09.01.2014 00:10:10.527,1.47648,1.47448,2.8500,2.4500
09.01.2014 00:10:12.060,1.47645,1.47445,2.1900,2.1700
09.01.2014 00:10:13.328,1.47644,1.47444,2.7900,1.4000
09.01.2014 00:10:14.627,1.47644,1.47444,2.5000,1.2700
09.01.2014 00:10:15.881,1.47643,1.47443,1.3000,1.2800
09.01.2014 00:10:17.343,1.47642,1.47442,1.1100,2.8600
09.01.2014 00:10:18.711,1.47642,1.47442,2.8000,2.1100
09.01.2014 00:10:20.047,1.47644,1.47444,2.3700,2.3100
09.01.2014 00:10:21.612,1.47645,1.47445,2.1500,1.2600
09.01.2014 00:10:22.989,1.47647,1.47447,1.5300,2.7800
09.01.2014 00:10:24.560,1.47647,1.47447,2.7800,2.3000
09.01.2014 00:10:25.866,1.47648,1.47448,1.6000,2.4000
09.01.2014 00:10:27.315,1.47650,1.47450,2.3400,1.8200
09.01.2014 00:10:28.903,1.47649,1.47449,2.5900,2.7100
09.01.2014 00:10:30.275,1.47649,1.47449,1.4700,1.9000
09.01.2014 00:10:31.879,1.47648,1.47448,2.1700,1.1900
09.01.2014 00:10:33.430,1.47647,1.47447,2.8200,1.1600
09.01.2014 00:10:34.866,1.47650,1.47450,2.9300,1.3500
09.01.2014 00:10:36.254,1.47649,1.47449,2.5000,1.0700
09.01.2014 00:10:37.796,1.47647,1.47447,1.7400,2.4600
09.01.2014 00:10:39.337,1.47644,1.47444,2.2300,1.5700
09.01.2014 00:10:40.696,1.47646,1.47446,1.8600,1.6400
09.01.2014 00:10:42.085,1.47647,1.47447,1.7800,2.4800
09.01.2014 00:10:43.444,1.47649,1.47449,1.1300,2.9700
09.01.2014 00:10:44.887,1.47646,1.47446,1.7200,2.6600
09.01.2014 00:10:46.070,1.47648,1.47448,2.3200,1.7500
09.01.2014 00:10:47.448,1.47647,1.47447,1.9600,1.6700
09.01.2014 00:10:48.959,1.47647,1.47447,1.4300,2.2200
09.01.2014 00:10:50.411,1.47645,1.47445,1.6600,2.2600
09.01.2014 00:10:51.813,1.47643,1.47443,1.3400,2.6000
09.01.2014 00:10:53.329,1.47645,1.47445,1.3300,1.5200
09.01.2014 00:10:54.830,1.47643,1.47443,2.9900,1.7800
09.01.2014 00:10:56.343,1.47643,1.47443,2.4300,2.2200
09.01.2014 00:10:57.509,1.47644,1.47444,1.3500,2.5800
09.01.2014 00:10:58.872,1.47644,1.47444,1.5300,1.5200
09.01.2014 00:11:00.305,1.47642,1.47442,2.5300,1.2100
09.01.2014 00:11:01.710,1.47639,1.47439,2.7500,2.1200
09.01.2014 00:11:03.113,1.47637,1.47437,1.5600,2.4500
09.01.2014 00:11:04.684,1.47638,1.47438,2.0600,1.2400
09.01.2014 00:11:06.034,1.47636,1.47436,2.3800,2.3100
09.01.2014 00:11:07.223,1.47635,1.47435,2.8200,2.8200
09.01.2014 00:11:08.584,1.47635,1.47435,1.0500,1.0200
09.01.2014 00:11:10.005,1.47635,1.47435,1.7200,2.6500
09.01.2014 00:11:11.373,1.47637,1.47437,2.8600,2.6600
09.01.2014 00:11:12.822,1.47634,1.47434,2.0300,2.0600
09.01.2014 00:11:13.979,1.47634,1.47434,2.6600,1.2500
09.01.2014 00:11:15.263,1.47634,1.47434,1.5700,2.1100
09.01.2014 00:11:16.511,1.47631,1.47431,1.4400,1.9600
09.01.2014 00:11:17.910,1.47630,1.47430,2.3000,2.9000
09.01.2014 00:11:19.319,1.47632,1.47432,1.5200,2.2800
09.01.2014 00:11:20.706,1.47635,1.47435,1.1400,2.8200
09.01.2014 00:11:22.125,1.47635,1.47435,2.3300,1.9700
09.01.2014 00:11:23.429,1.47634,1.47434,2.3200,2.6900
09.01.2014 00:11:24.843,1.47633,1.47433,1.8400,2.8500
09.01.2014 00:11:26.419,1.47634,1.47434,2.1300,1.0600
09.01.2014 00:11:27.820,1.47634,1.47434,2.6300,2.0900
09.01.2014 00:11:29.242,1.47633,1.47433,1.2900,2.2000
09.01.2014 00:11:30.687,1.47636,1.47436,1.4500,1.9600
09.01.2014 00:11:32.188,1.47636,1.47436,1.2700,1.8400
09.01.2014 00:11:33.473,1.47636,1.47436,2.0800,2.3000
09.01.2014 00:11:34.902,1.47635,1.47435,1.0100,1.7700
09.01.2014 00:11:36.352,1.47633,1.47433,2.7900,2.7500
09.01.2014 00:11:37.878,1.47633,1.47433,1.6700,1.1400
09.01.2014 00:11:39.146,1.47634,1.47434,1.0700,2.2900
09.01.2014 00:11:40.633,1.47635,1.47435,2.7600,2.0100
09.01.2014 00:11:41.974,1.47636,1.47436,1.1500,2.4500
09.01.2014 00:11:43.484,1.47636,1.47436,2.1600,2.8900
09.01.2014 00:11:44.804,1.47633,1.47433,2.0100,2.0600
09.01.2014 00:11:46.060,1.47635,1.47435,2.0200,1.1500
09.01.2014 00:11:47.638,1.47635,1.47435,1.6000,2.6100
09.01.2014 00:11:49.059,1.47638,1.47438,1.3900,1.2300
09.01.2014 00:11:50.574,1.47637,1.47437,2.6800,2.0700
09.01.2014 00:11:51.814,1.47638,1.47438,1.2200,1.9700
09.01.2014 00:11:53.292,1.47638,1.47438,1.3100,1.4200
09.01.2014 00:11:54.700,1.47637,1.47437,2.2900,1.7000
09.01.2014 00:11:56.189,1.47637,1.47437,1.2200,1.1400
09.01.2014 00:11:57.516,1.47637,1.47437,2.6000,1.8400
09.01.2014 00:11:58.833,1.47640,1.47440,1.3900,2.2000
09.01.2014 00:12:00.280,1.47639,1.47439,2.9000,2.0900
09.01.2014 00:12:01.783,1.47641,1.47441,2.3400,2.3700
09.01.2014 00:12:03.215,1.47641,1.47441,1.5000,1.3800
09.01.2014 00:12:04.618,1.47642,1.47442,2.6200,2.4300
09.01.2014 00:12:06.017,1.47641,1.47441,2.3900,1.7700
09.01.2014 00:12:07.390,1.47641,1.47441,2.3000,2.2900
09.01.2014 00:12:08.759,1.47642,1.47442,2.2500,1.9000
09.01.2014 00:12:10.146,1.47642,1.47442,1.8000,2.8500
09.01.2014 00:12:11.576,1.47641,1.47441,1.9800,2.7700
09.01.2014 00:12:12.966,1.47640,1.47440,2.6700,1.7000
09.01.2014 00:12:14.432,1.47643,1.47443,1.7100,1.4600
09.01.2014 00:12:15.767,1.47643,1.47443,1.3300,2.8900
09.01.2014 00:12:17.238,1.47642,1.47442,2.3800,1.6500
09.01.2014 00:12:18.675,1.47641,1.47441,2.4400,2.7600
09.01.2014 00:12:20.103,1.47641,1.47441,2.4700,1.4200
09.01.2014 00:12:21.175,1.47640,1.47440,2.4700,2.0300
09.01.2014 00:12:22.704,1.47640,1.47440,2.6200,1.8600
09.01.2014 00:12:24.148,1.47639,1.47439,1.7000,2.1800
09.01.2014 00:12:25.724,1.47641,1.47441,2.0500,2.4800
09.01.2014 00:12:27.077,1.47639,1.47439,1.8900,1.2200
09.01.2014 00:12:28.318,1.47637,1.47437,2.5700,1.6000
09.01.2014 00:12:29.612,1.47637,1.47437,1.8400,1.7900
09.01.2014 00:12:31.101,1.47637,1.47437,1.9200,1.2900
09.01.2014 00:12:32.316,1.47640,1.47440,2.4300,1.6500
09.01.2014 00:12:33.676,1.47637,1.47437,2.9800,2.0200
09.01.2014 00:12:34.880,1.47640,1.47440,2.7100,2.0200
09.01.2014 00:12:36.358,1.47642,1.47442,2.4300,1.6800
09.01.2014 00:12:37.838,1.47641,1.47441,1.0300,2.9900
09.01.2014 00:12:39.418,1.47639,1.47439,2.1400,1.7200
09.01.2014 00:12:40.964,1.47638,1.47438,1.0800,2.6000
09.01.2014 00:12:42.517,1.47637,1.47437,2.2700,2.6600
09.01.2014 00:12:43.849,1.47638,1.47438,2.6500,1.2200
09.01.2014 00:12:45.173,1.47637,1.47437,1.8000,2.8900
09.01.2014 00:12:46.547,1.47638,1.47438,2.0200,2.2300
09.01.2014 00:12:47.986,1.47640,1.47440,1.9800,1.4300
09.01.2014 00:12:49.290,1.47639,1.47439,1.6900,2.2200
09.01.2014 00:12:50.721,1.47639,1.47439,2.5600,1.5600
09.01.2014 00:12:52.013,1.47641,1.47441,2.8000,2.1900
09.01.2014 00:12:53.413,1.47638,1.47438,2.8700,1.9200
09.01.2014 00:12:54.783,1.47637,1.47437,2.3400,1.6600
09.01.2014 00:12:56.193,1.47639,1.47439,2.0700,1.3400
09.01.2014 00:12:57.546,1.47637,1.47437,2.1000,1.5500
09.01.2014 00:12:59.047,1.47636,1.47436,1.3700,2.5500
09.01.2014 00:13:00.433,1.47637,1.47437,1.8900,2.7700
09.01.2014 00:13:01.814,1.47638,1.47438,1.3400,1.8500
09.01.2014 00:13:03.311,1.47638,1.47438,2.7500,1.8900
09.01.2014 00:13:04.755,1.47638,1.47438,1.5300,2.6800
09.01.2014 00:13:06.069,1.47632,1.47432,2.4600,1.0800
09.01.2014 00:13:07.403,1.47632,1.47432,1.0400,1.3300
09.01.2014 00:13:08.887,1.47634,1.47434,2.1200,1.6300
09.01.2014 00:13:10.370,1.47631,1.47431,2.9900,1.3000
09.01.2014 00:13:11.817,1.47632,1.47432,1.9700,2.4200
09.01.2014 00:13:13.183,1.47633,1.47433,1.6600,1.1000
09.01.2014 00:13:14.472,1.47631,1.47431,2.1200,1.9800
09.01.2014 00:13:15.798,1.47628,1.47428,1.1200,1.7000
09.01.2014 00:13:17.344,1.47629,1.47429,2.7900,2.3900
09.01.2014 00:13:18.618,1.47629,1.47429,1.7000,1.2900
09.01.2014 00:13:19.978,1.47630,1.47430,2.1200,2.1300
09.01.2014 00:13:21.409,1.47631,1.47431,1.7100,2.1000
09.01.2014 00:13:22.873,1.47634,1.47434,2.6200,1.1300
09.01.2014 00:13:24.184,1.47634,1.47434,1.9300,1.7800
09.01.2014 00:13:25.680,1.47640,1.47440,1.6900,2.4700
09.01.2014 00:13:27.213,1.47641,1.47441,2.5700,2.5100
09.01.2014 00:13:28.632,1.47641,1.47441,1.6500,2.8200
09.01.2014 00:13:30.077,1.47638,1.47438,1.7800,2.0400
09.01.2014 00:13:31.388,1.47638,1.47438,1.0200,1.8700
09.01.2014 00:13:32.681,1.47639,1.47439,2.6400,2.1300
09.01.2014 00:13:34.096,1.47640,1.47440,2.7000,2.3900
09.01.2014 00:13:35.596,1.47637,1.47437,1.9500,2.4300
09.01.2014 00:13:37.031,1.47635,1.47435,1.9500,2.1500
09.01.2014 00:13:38.263,1.47634,1.47434,2.0600,1.9000
09.01.2014 00:13:39.558,1.47632,1.47432,2.6200,2.6400
09.01.2014 00:13:40.826,1.47633,1.47433,2.1100,2.7900
09.01.2014 00:13:42.274,1.47633,1.47433,2.9600,1.4000
09.01.2014 00:13:43.786,1.47633,1.47433,2.9900,2.7200
09.01.2014 00:13:45.150,1.47634,1.47434,2.4700,1.8000
09.01.2014 00:13:46.481,1.47635,1.47435,2.5300,1.6000
09.01.2014 00:13:47.813,1.47636,1.47436,2.9600,1.0400
09.01.2014 00:13:49.229,1.47636,1.47436,1.2500,2.6000
09.01.2014 00:13:50.734,1.47636,1.47436,2.3600,1.3600
09.01.2014 00:13:51.803,1.47634,1.47434,2.4900,2.4900
09.01.2014 00:13:53.302,1.47633,1.47433,2.8400,1.0400
09.01.2014 00:13:54.612,1.47633,1.47433,2.1500,1.5600
09.01.2014 00:13:56.246,1.47632,1.47432,1.2900,1.9200
09.01.2014 00:13:57.705,1.47631,1.47431,2.1500,2.6200
09.01.2014 00:13:59.168,1.47630,1.47430,1.2300,2.3000
09.01.2014 00:14:00.476,1.47630,1.47430,2.4500,1.5300
09.01.2014 00:14:01.789,1.47635,1.47435,1.9800,2.8400
09.01.2014 00:14:03.128,1.47635,1.47435,1.5700,2.4200
09.01.2014 00:14:04.700,1.47635,1.47435,1.5100,2.6600
09.01.2014 00:14:05.997,1.47634,1.47434,1.8100,2.5600
09.01.2014 00:14:07.309,1.47636,1.47436,2.3100,1.2500
09.01.2014 00:14:08.549,1.47636,1.47436,1.9100,2.9200
09.01.2014 00:14:09.903,1.47635,1.47435,2.8900,1.3200
09.01.2014 00:14:11.262,1.47634,1.47434,2.1200,1.2100
09.01.2014 00:14:12.717,1.47634,1.47434,1.9600,1.7000
09.01.2014 00:14:14.079,1.47635,1.47435,1.5600,1.4100
09.01.2014 00:14:15.544,1.47634,1.47434,1.6300,2.4400
09.01.2014 00:14:16.804,1.47634,1.47434,2.4700,2.3400
09.01.2014 00:14:18.009,1.47638,1.47438,1.2000,1.1400
09.01.2014 00:14:19.439,1.47638,1.47438,1.7600,2.4000
09.01.2014 00:14:20.711,1.47638,1.47438,1.4600,1.3000
09.01.2014 00:14:21.930,1.47637,1.47437,2.5700,1.4600
09.01.2014 00:14:23.489,1.47637,1.47437,1.8300,2.8100
09.01.2014 00:14:25.002,1.47637,1.47437,2.2600,1.8700
09.01.2014 00:14:26.388,1.47635,1.47435,2.3000,1.2400
09.01.2014 00:14:27.687,1.47634,1.47434,2.5400,2.4000
09.01.2014 00:14:29.015,1.47634,1.47434,2.8000,1.4100
09.01.2014 00:14:30.266,1.47635,1.47435,1.4800,1.9000
09.01.2014 00:14:31.669,1.47631,1.47431,1.8500,1.1300
09.01.2014 00:14:33.070,1.47630,1.47430,1.8900,1.3500
09.01.2014 00:14:34.443,1.47631,1.47431,1.8700,2.7600
09.01.2014 00:14:35.901,1.47628,1.47428,2.3400,1.9300
09.01.2014 00:14:37.297,1.47627,1.47427,2.1900,2.3400
09.01.2014 00:14:38.747,1.47627,1.47427,1.8300,2.6700
09.01.2014 00:14:40.057,1.47625,1.47425,1.4000,1.8900
09.01.2014 00:14:41.390,1.47625,1.47425,1.4200,2.6200
09.01.2014 00:14:42.897,1.47628,1.47428,1.9800,1.6800
09.01.2014 00:14:44.341,1.47630,1.47430,2.3000,1.7200
09.01.2014 00:14:45.661,1.47628,1.47428,1.3800,1.8100
09.01.2014 00:14:47.088,1.47630,1.47430,3.0000,2.1200
09.01.2014 00:14:48.591,1.47630,1.47430,2.1100,2.4200
09.01.2014 00:14:49.996,1.47626,1.47426,2.4300,2.4500
09.01.2014 00:14:51.248,1.47628,1.47428,2.4300,2.7300
09.01.2014 00:14:52.790,1.47627,1.47427,2.2100,1.1800
09.01.2014 00:14:54.232,1.47627,1.47427,2.0100,2.6000
09.01.2014 00:14:55.649,1.47630,1.47430,1.7700,1.4100
09.01.2014 00:14:57.008,1.47630,1.47430,2.7100,2.2300
09.01.2014 00:14:58.378,1.47632,1.47432,1.0200,1.2200
09.01.2014 00:14:59.925,1.47633,1.47433,2.1200,2.8500
09.01.2014 00:15:01.299,1.47632,1.47432,1.5500,1.4600
09.01.2014 00:15:02.647,1.47633,1.47433,2.0200,1.6200
09.01.2014 00:15:04.051,1.47634,1.47434,2.7200,2.5800
09.01.2014 00:15:05.244,1.47635,1.47435,1.9600,2.4000
09.01.2014 00:15:06.613,1.47638,1.47438,2.4500,1.9100
09.01.2014 00:15:08.059,1.47638,1.47438,1.3100,2.3200
09.01.2014 00:15:09.545,1.47636,1.47436,2.7900,1.2300
09.01.2014 00:15:10.949,1.47636,1.47436,1.2400,2.0400
09.01.2014 00:15:12.307,1.47634,1.47434,1.7000,2.7600
09.01.2014 00:15:13.717,1.47635,1.47435,2.3500,2.0100
09.01.2014 00:15:14.999,1.47634,1.47434,2.1600,2.3500
09.01.2014 00:15:16.424,1.47634,1.47434,2.6500,2.8400
09.01.2014 00:15:17.833,1.47633,1.47433,1.0000,1.3400
09.01.2014 00:15:19.202,1.47633,1.47433,1.2600,2.3000
09.01.2014 00:15:20.821,1.47636,1.47436,2.6400,2.7300
09.01.2014 00:15:22.219,1.47636,1.47436,1.5000,1.5700
09.01.2014 00:15:23.669,1.47636,1.47436,2.5000,2.5300
09.01.2014 00:15:25.073,1.47634,1.47434,1.4600,2.1000
09.01.2014 00:15:26.444,1.47637,1.47437,1.9000,2.5000
09.01.2014 00:15:27.793,1.47636,1.47436,1.5200,2.2600
09.01.2014 00:15:29.193,1.47637,1.47437,1.3400,1.9000
09.01.2014 00:15:30.525,1.47636,1.47436,1.9900,2.1000
09.01.2014 00:15:31.899,1.47635,1.47435,2.2900,1.4200
09.01.2014 00:15:33.356,1.47637,1.47437,2.4700,2.1700
09.01.2014 00:15:34.920,1.47636,1.47436,1.4000,2.5500
09.01.2014 00:15:36.478,1.47639,1.47439,2.3500,1.2700
09.01.2014 00:15:37.914,1.47641,1.47441,2.9900,2.1700
09.01.2014 00:15:39.535,1.47644,1.47444,1.2800,1.5200
09.01.2014 00:15:40.955,1.47645,1.47445,2.2900,1.5500
09.01.2014 00:15:42.417,1.47643,1.47443,2.1400,2.3800
09.01.2014 00:15:43.688,1.47643,1.47443,2.7600,2.0400
09.01.2014 00:15:45.054,1.47641,1.47441,1.2400,1.5400
09.01.2014 00:15:46.528,1.47640,1.47440,1.7400,1.2600
09.01.2014 00:15:48.171,1.47639,1.47439,1.0600,2.7400
09.01.2014 00:15:49.658,1.47640,1.47440,2.1800,1.0600
09.01.2014 00:15:51.160,1.47641,1.47441,1.8800,3.0000
09.01.2014 00:15:52.549,1.47641,1.47441,2.8700,1.4600
09.01.2014 00:15:53.982,1.47639,1.47439,2.1800,2.2800
09.01.2014 00:15:55.335,1.47639,1.47439,1.9200,1.5700
09.01.2014 00:15:56.851,1.47642,1.47442,1.3200,1.7000
09.01.2014 00:15:58.109,1.47640,1.47440,1.1300,1.4100
09.01.2014 00:15:59.431,1.47640,1.47440,1.9500,2.4200
09.01.2014 00:16:00.667,1.47639,1.47439,2.2000,2.1300
09.01.2014 00:16:02.055,1.47640,1.47440,1.2400,1.4800
09.01.2014 00:16:03.595,1.47644,1.47444,2.9800,2.5800
09.01.2014 00:16:05.119,1.47642,1.47442,2.9100,2.1600
09.01.2014 00:16:06.540,1.47642,1.47442,2.4800,2.7600
09.01.2014 00:16:07.929,1.47642,1.47442,2.9900,1.7900
09.01.2014 00:16:09.317,1.47641,1.47441,2.7400,2.4200
09.01.2014 00:16:10.709,1.47639,1.47439,1.4800,1.6400
09.01.2014 00:16:12.034,1.47640,1.47440,1.6500,2.6200
09.01.2014 00:16:13.382,1.47641,1.47441,2.1600,2.9600
09.01.2014 00:16:14.700,1.47642,1.47442,1.4500,1.8600
09.01.2014 00:16:16.179,1.47641,1.47441,1.6200,2.1800
09.01.2014 00:16:17.407,1.47642,1.47442,2.4800,1.3100
09.01.2014 00:16:18.838,1.47643,1.47443,1.6800,2.6300
09.01.2014 00:16:20.226,1.47641,1.47441,1.9400,2.8100
09.01.2014 00:16:21.460,1.47641,1.47441,1.7200,2.7600
09.01.2014 00:16:22.791,1.47644,1.47444,1.3900,2.3100
09.01.2014 00:16:24.175,1.47647,1.47447,2.6000,2.5400
09.01.2014 00:16:25.787,1.47644,1.47444,2.4000,1.0500
09.01.2014 00:16:27.205,1.47643,1.47443,1.3100,1.0600
09.01.2014 00:16:28.614,1.47641,1.47441,1.7700,1.9900
09.01.2014 00:16:29.978,1.47642,1.47442,1.3200,2.9700
09.01.2014 00:16:31.561,1.47641,1.47441,1.1600,2.7000
09.01.2014 00:16:32.806,1.47640,1.47440,1.8400,1.2800
09.01.2014 00:16:34.308,1.47639,1.47439,1.7300,1.5100
09.01.2014 00:16:35.612,1.47639,1.47439,1.8300,2.7900
09.01.2014 00:16:37.273,1.47636,1.47436,1.2400,1.1000
09.01.2014 00:16:38.597,1.47637,1.47437,2.3400,2.8100
09.01.2014 00:16:39.845,1.47635,1.47435,2.2300,2.7800
09.01.2014 00:16:41.393,1.47637,1.47437,1.7600,1.7300
09.01.2014 00:16:42.666,1.47637,1.47437,2.5000,2.9500
09.01.2014 00:16:44.043,1.47636,1.47436,2.2800,2.0500
09.01.2014 00:16:45.451,1.47634,1.47434,1.1400,2.0200
09.01.2014 00:16:46.800,1.47634,1.47434,1.3100,1.4400
09.01.2014 00:16:48.185,1.47632,1.47432,1.6700,2.5500
09.01.2014 00:16:49.422,1.47631,1.47431,1.0600,1.0900
09.01.2014 00:16:50.803,1.47631,1.47431,2.8000,2.8700
09.01.2014 00:16:52.334,1.47634,1.47434,2.2600,1.1300
09.01.2014 00:16:53.756,1.47633,1.47433,2.6200,2.8900
09.01.2014 00:16:55.299,1.47634,1.47434,1.7900,1.5300
09.01.2014 00:16:56.659,1.47636,1.47436,2.5000,1.1800
09.01.2014 00:16:58.065,1.47638,1.47438,2.9400,2.9500
09.01.2014 00:16:59.462,1.47637,1.47437,2.6300,2.7600
09.01.2014 00:17:00.769,1.47636,1.47436,2.8200,1.3900
09.01.2014 00:17:02.285,1.47636,1.47436,1.7300,1.0500
09.01.2014 00:17:03.564,1.47634,1.47434,1.1400,2.3600
09.01.2014 00:17:05.141,1.47635,1.47435,1.5600,2.0600
09.01.2014 00:17:06.645,1.47633,1.47433,1.0300,2.3100
09.01.2014 00:17:08.072,1.47635,1.47435,2.3400,2.2900
09.01.2014 00:17:09.584,1.47636,1.47436,1.4200,2.4100
09.01.2014 00:17:11.069,1.47635,1.47435,2.6800,2.0700
09.01.2014 00:17:12.412,1.47635,1.47435,2.7500,2.0500
09.01.2014 00:17:13.805,1.47634,1.47434,1.3700,1.5700
09.01.2014 00:17:15.215,1.47635,1.47435,2.2500,1.8000
09.01.2014 00:17:16.625,1.47636,1.47436,1.2700,2.3100
09.01.2014 00:17:18.164,1.47634,1.47434,2.1500,2.1000
09.01.2014 00:17:19.438,1.47633,1.47433,2.0700,1.6100
09.01.2014 00:17:20.955,1.47632,1.47432,2.4400,2.5900
09.01.2014 00:17:22.345,1.47632,1.47432,2.2100,2.0100
09.01.2014 00:17:23.814,1.47633,1.47433,2.9500,1.4300
09.01.2014 00:17:25.227,1.47633,1.47433,2.9400,2.0400
09.01.2014 00:17:26.375,1.47632,1.47432,1.3100,1.0400
09.01.2014 00:17:27.728,1.47633,1.47433,1.1800,1.7000
09.01.2014 00:17:29.115,1.47635,1.47435,1.2700,2.2500
09.01.2014 00:17:30.557,1.47637,1.47437,1.3600,2.2900
09.01.2014 00:17:31.866,1.47636,1.47436,1.7600,1.8200
09.01.2014 00:17:33.281,1.47636,1.47436,1.5700,1.6300
09.01.2014 00:17:34.828,1.47635,1.47435,2.3700,2.0200
09.01.2014 00:17:36.147,1.47637,1.47437,1.5300,2.8900
09.01.2014 00:17:37.578,1.47635,1.47435,2.8100,1.2600
09.01.2014 00:17:38.874,1.47632,1.47432,2.7600,2.4500
09.01.2014 00:17:40.344,1.47633,1.47433,1.7700,1.4200
09.01.2014 00:17:41.736,1.47632,1.47432,2.3800,1.8100
09.01.2014 00:17:43.137,1.47633,1.47433,1.7800,1.0800
09.01.2014 00:17:44.614,1.47633,1.47433,2.7100,1.6900
09.01.2014 00:17:46.020,1.47634,1.47434,1.7900,2.6600
09.01.2014 00:17:47.293,1.47634,1.47434,1.5800,2.5200
09.01.2014 00:17:48.669,1.47634,1.47434,1.3500,1.8500
09.01.2014 00:17:50.064,1.47635,1.47435,2.7000,2.2300
09.01.2014 00:17:51.445,1.47636,1.47436,2.3100,2.2900
09.01.2014 00:17:52.773,1.47635,1.47435,1.8500,2.6700
09.01.2014 00:17:54.230,1.47636,1.47436,2.1400,2.1700
09.01.2014 00:17:55.567,1.47637,1.47437,1.5900,1.7000
09.01.2014 00:17:56.787,1.47636,1.47436,1.3700,2.5000
09.01.2014 00:17:58.126,1.47637,1.47437,1.0800,1.8600
09.01.2014 00:17:59.699,1.47635,1.47435,1.0400,1.6500
09.01.2014 00:18:01.120,1.47638,1.47438,2.6500,2.5700
09.01.2014 00:18:02.639,1.47641,1.47441,2.4700,2.5800
09.01.2014 00:18:04.063,1.47640,1.47440,2.6100,2.9000
09.01.2014 00:18:05.459,1.47638,1.47438,2.2100,1.1500
09.01.2014 00:18:07.005,1.47640,1.47440,2.6900,2.1000
09.01.2014 00:18:08.502,1.47640,1.47440,2.1500,1.0400
09.01.2014 00:18:09.790,1.47643,1.47443,2.4000,1.0800
09.01.2014 00:18:11.172,1.47642,1.47442,2.1000,1.7300
09.01.2014 00:18:12.757,1.47640,1.47440,1.3600,2.1900
09.01.2014 00:18:14.052,1.47639,1.47439,1.0200,1.8700
09.01.2014 00:18:15.486,1.47637,1.47437,2.9300,2.2000
09.01.2014 00:18:16.828,1.47638,1.47438,2.1900,2.4900
09.01.2014 00:18:18.111,1.47638,1.47438,1.5200,1.4800
09.01.2014 00:18:19.542,1.47637,1.47437,1.6500,1.8100
09.01.2014 00:18:21.016,1.47640,1.47440,1.1600,2.0200
09.01.2014 00:18:22.375,1.47643,1.47443,2.4700,2.7200
09.01.2014 00:18:23.818,1.47645,1.47445,2.7800,2.8300
09.01.2014 00:18:25.265,1.47647,1.47447,2.4200,2.3900
09.01.2014 00:18:26.711,1.47646,1.47446,1.0900,2.1900
09.01.2014 00:18:28.211,1.47650,1.47450,2.6200,1.4400
09.01.2014 00:18:29.570,1.47649,1.47449,1.0600,2.9000
09.01.2014 00:18:30.747,1.47648,1.47448,2.5900,2.0200
09.01.2014 00:18:32.156,1.47648,1.47448,2.0100,2.6300
09.01.2014 00:18:33.612,1.47646,1.47446,1.8700,1.1600
09.01.2014 00:18:35.050,1.47648,1.47448,2.5100,1.0700
09.01.2014 00:18:36.385,1.47650,1.47450,1.8700,1.2100
09.01.2014 00:18:37.820,1.47649,1.47449,2.9400,1.2500
09.01.2014 00:18:39.302,1.47647,1.47447,1.5900,2.6400
09.01.2014 00:18:40.675,1.47647,1.47447,1.3500,1.5000
09.01.2014 00:18:42.011,1.47647,1.47447,1.7500,2.6500
09.01.2014 00:18:43.558,1.47647,1.47447,2.9500,1.2200
09.01.2014 00:18:45.169,1.47647,1.47447,1.0300,2.6600
09.01.2014 00:18:46.691,1.47646,1.47446,1.7100,2.2700
09.01.2014 00:18:48.035,1.47646,1.47446,1.6400,2.8500
09.01.2014 00:18:49.555,1.47648,1.47448,2.2600,1.0400
09.01.2014 00:18:50.894,1.47646,1.47446,2.9900,1.8800
09.01.2014 00:18:52.399,1.47646,1.47446,2.6900,1.6500
09.01.2014 00:18:53.894,1.47647,1.47447,2.8200,2.6400
09.01.2014 00:18:55.321,1.47647,1.47447,1.0700,1.4500
09.01.2014 00:18:56.667,1.47650,1.47450,1.6400,1.3600
09.01.2014 00:18:58.078,1.47649,1.47449,1.6300,1.8300
09.01.2014 00:18:59.585,1.47648,1.47448,1.4800,2.1500
09.01.2014 00:19:00.912,1.47649,1.47449,2.4600,1.7000
09.01.2014 00:19:02.319,1.47648,1.47448,2.5600,1.7700
09.01.2014 00:19:03.805,1.47649,1.47449,2.4300,2.8500
09.01.2014 00:19:05.316,1.47651,1.47451,1.2900,2.1000
09.01.2014 00:19:06.579,1.47650,1.47450,2.8000,2.4100
09.01.2014 00:19:08.241,1.47652,1.47452,1.3700,1.6400
09.01.2014 00:19:09.603,1.47651,1.47451,2.3600,2.8500
09.01.2014 00:19:11.010,1.47652,1.47452,2.9500,1.7800
09.01.2014 00:19:12.547,1.47651,1.47451,2.7200,1.3100
09.01.2014 00:19:13.892,1.47647,1.47447,2.9500,2.6000
09.01.2014 00:19:15.331,1.47648,1.47448,1.2500,1.0300
09.01.2014 00:19:16.796,1.47651,1.47451,1.3000,1.7600
09.01.2014 00:19:18.173,1.47652,1.47452,2.4500,1.5100
09.01.2014 00:19:19.496,1.47652,1.47452,1.8500,1.1800
09.01.2014 00:19:20.913,1.47655,1.47455,2.9300,2.5600
09.01.2014 00:19:22.345,1.47657,1.47457,1.4100,2.3700
09.01.2014 00:19:23.505,1.47657,1.47457,2.1900,1.3300
09.01.2014 00:19:24.785,1.47657,1.47457,2.5200,2.5600
09.01.2014 00:19:26.210,1.47659,1.47459,1.6000,1.3700
09.01.2014 00:19:27.464,1.47658,1.47458,1.5400,1.0900
09.01.2014 00:19:28.994,1.47656,1.47456,2.2400,1.1000
09.01.2014 00:19:30.387,1.47657,1.47457,1.3200,1.7500
09.01.2014 00:19:31.841,1.47657,1.47457,1.4300,1.2300
09.01.2014 00:19:33.307,1.47659,1.47459,2.1800,1.2700
09.01.2014 00:19:34.435,1.47659,1.47459,1.6000,1.0200
09.01.2014 00:19:35.661,1.47656,1.47456,2.0200,2.4800
09.01.2014 00:19:37.011,1.47658,1.47458,1.7700,2.9500
09.01.2014 00:19:38.323,1.47659,1.47459,2.3400,2.7400
09.01.2014 00:19:39.711,1.47655,1.47455,1.6800,1.4200
09.01.2014 00:19:41.086,1.47654,1.47454,1.2100,2.1500
09.01.2014 00:19:42.492,1.47654,1.47454,1.3800,2.6200
09.01.2014 00:19:43.903,1.47657,1.47457,2.9300,1.8800
09.01.2014 00:19:45.311,1.47659,1.47459,1.6500,1.1900
09.01.2014 00:19:46.477,1.47659,1.47459,1.9200,2.1000
09.01.2014 00:19:47.922,1.47662,1.47462,2.1300,1.1700
09.01.2014 00:19:49.468,1.47662,1.47462,2.2900,2.0700
09.01.2014 00:19:50.669,1.47661,1.47461,1.7900,1.1500
09.01.2014 00:19:52.199,1.47662,1.47462,1.2700,1.9000
09.01.2014 00:19:53.522,1.47661,1.47461,1.6700,2.1500
09.01.2014 00:19:54.938,1.47663,1.47463,2.0000,2.0600
09.01.2014 00:19:56.431,1.47663,1.47463,1.9300,1.8100
09.01.2014 00:19:57.566,1.47664,1.47464,1.2900,1.5000
09.01.2014 00:19:58.884,1.47665,1.47465,1.3400,2.6000
09.01.2014 00:20:00.333,1.47664,1.47464,1.9600,1.9600
09.01.2014 00:20:01.699,1.47663,1.47463,1.9800,2.2200
09.01.2014 00:20:03.055,1.47668,1.47468,1.4200,2.2800
09.01.2014 00:20:04.304,1.47668,1.47468,1.8300,1.8700
09.01.2014 00:20:05.765,1.47667,1.47467,2.8400,2.3900
09.01.2014 00:20:07.138,1.47668,1.47468,1.3700,2.5900
09.01.2014 00:20:08.549,1.47669,1.47469,1.5900,1.2400
09.01.2014 00:20:09.900,1.47670,1.47470,1.9900,2.8000
09.01.2014 00:20:11.428,1.47675,1.47475,2.9300,1.8600
09.01.2014 00:20:12.747,1.47677,1.47477,1.5400,1.6700
09.01.2014 00:20:14.060,1.47678,1.47478,3.0000,1.8500
09.01.2014 00:20:15.608,1.47677,1.47477,1.6800,1.4600
09.01.2014 00:20:17.016,1.47675,1.47475,2.8500,1.3000
09.01.2014 00:20:18.529,1.47676,1.47476,1.0200,1.7200
09.01.2014 00:20:19.857,1.47680,1.47480,1.6700,1.1700
09.01.2014 00:20:21.165,1.47680,1.47480,2.2500,2.3500
09.01.2014 00:20:22.566,1.47680,1.47480,1.1000,2.7500
09.01.2014 00:20:24.051,1.47682,1.47482,2.4700,2.4600
09.01.2014 00:20:25.406,1.47683,1.47483,2.5000,2.9900
09.01.2014 00:20:26.593,1.47683,1.47483,1.1900,1.2100
09.01.2014 00:20:27.901,1.47683,1.47483,2.7700,1.7800
09.01.2014 00:20:29.398,1.47684,1.47484,1.1700,2.8500
09.01.2014 00:20:30.837,1.47685,1.47485,2.8300,2.7100
09.01.2014 00:20:32.233,1.47685,1.47485,1.6800,1.3200
09.01.2014 00:20:33.567,1.47683,1.47483,2.8000,2.3000
09.01.2014 00:20:34.872,1.47682,1.47482,2.1900,2.5700
09.01.2014 00:20:36.270,1.47683,1.47483,2.7700,2.0900
09.01.2014 00:20:37.738,1.47686,1.47486,2.9800,2.9700
09.01.2014 00:20:39.198,1.47687,1.47487,2.3600,1.7800
09.01.2014 00:20:40.450,1.47689,1.47489,1.5600,2.8600
09.01.2014 00:20:41.941,1.47687,1.47487,2.1100,1.0400
09.01.2014 00:20:43.365,1.47689,1.47489,1.3700,2.6800
09.01.2014 00:20:44.843,1.47691,1.47491,1.6500,2.7000
09.01.2014 00:20:46.197,1.47691,1.47491,1.7300,2.5900
09.01.2014 00:20:47.443,1.47694,1.47494,1.2500,2.7000
09.01.2014 00:20:48.904,1.47698,1.47498,2.0400,1.7100
09.01.2014 00:20:50.190,1.47697,1.47497,1.8000,1.4000
09.01.2014 00:20:51.406,1.47699,1.47499,2.6400,1.2500
09.01.2014 00:20:52.877,1.47697,1.47497,2.0700,2.0400
09.01.2014 00:20:54.183,1.47697,1.47497,1.6300,1.5500
09.01.2014 00:20:55.604,1.47697,1.47497,1.8200,1.6700
09.01.2014 00:20:56.968,1.47695,1.47495,2.5200,2.9700
09.01.2014 00:20:58.501,1.47699,1.47499,2.3500,2.1900
09.01.2014 00:20:59.891,1.47700,1.47500,1.3900,2.8000
09.01.2014 00:21:01.183,1.47700,1.47500,2.8400,1.3800
09.01.2014 00:21:02.492,1.47701,1.47501,1.3900,1.6300
09.01.2014 00:21:03.741,1.47701,1.47501,2.1400,1.9700
09.01.2014 00:21:05.451,1.47700,1.47500,2.1700,1.4500
09.01.2014 00:21:06.948,1.47701,1.47501,1.9100,1.7600
09.01.2014 00:21:08.383,1.47703,1.47503,2.0800,1.6100
09.01.2014 00:21:09.765,1.47702,1.47502,1.9100,1.1000
09.01.2014 00:21:11.329,1.47699,1.47499,2.0900,2.6100
09.01.2014 00:21:12.679,1.47699,1.47499,1.5800,2.4700
09.01.2014 00:21:13.998,1.47702,1.47502,1.6100,2.9600
09.01.2014 00:21:15.483,1.47704,1.47504,2.0100,2.3200
09.01.2014 00:21:16.970,1.47705,1.47505,2.2100,2.0700
09.01.2014 00:21:18.391,1.47705,1.47505,2.3400,1.2000
09.01.2014 00:21:19.716,1.47706,1.47506,1.9900,2.3700
09.01.2014 00:21:21.140,1.47705,1.47505,1.9300,1.0300
09.01.2014 00:21:22.667,1.47706,1.47506,1.0300,2.1900
09.01.2014 00:21:23.949,1.47709,1.47509,2.2400,1.0200
09.01.2014 00:21:25.397,1.47707,1.47507,1.9900,2.4400
09.01.2014 00:21:26.639,1.47704,1.47504,2.9700,1.1200
09.01.2014 00:21:28.037,1.47702,1.47502,2.6700,1.3000
09.01.2014 00:21:29.312,1.47698,1.47498,1.4500,2.9000
09.01.2014 00:21:30.845,1.47697,1.47497,1.1200,1.0200
09.01.2014 00:21:32.088,1.47699,1.47499,2.6600,2.2000
09.01.2014 00:21:33.557,1.47699,1.47499,1.2100,2.8500
09.01.2014 00:21:34.826,1.47700,1.47500,1.4500,1.5100
09.01.2014 00:21:36.351,1.47702,1.47502,1.1200,1.6400
09.01.2014 00:21:37.632,1.47702,1.47502,2.1700,2.5300
09.01.2014 00:21:38.881,1.47705,1.47505,2.1200,2.5500
09.01.2014 00:21:40.358,1.47707,1.47507,1.4000,2.1000
09.01.2014 00:21:41.844,1.47707,1.47507,2.1100,1.8200
09.01.2014 00:21:43.334,1.47707,1.47507,2.5200,2.0400
09.01.2014 00:21:44.817,1.47708,1.47508,1.1800,1.7200
09.01.2014 00:21:46.290,1.47710,1.47510,1.4300,1.0600
09.01.2014 00:21:47.874,1.47714,1.47514,1.9400,1.4800
09.01.2014 00:21:49.360,1.47713,1.47513,2.0300,1.3400
09.01.2014 00:21:50.781,1.47710,1.47510,1.2800,1.6900
09.01.2014 00:21:52.211,1.47708,1.47508,1.1100,2.3500
09.01.2014 00:21:53.597,1.47706,1.47506,1.2600,2.4600
09.01.2014 00:21:55.015,1.47704,1.47504,1.7300,2.6400
09.01.2014 00:21:56.357,1.47706,1.47506,1.5300,1.8400
09.01.2014 00:21:57.774,1.47705,1.47505,2.2600,2.9100
09.01.2014 00:21:59.129,1.47703,1.47503,1.9400,1.9400
09.01.2014 00:22:00.419,1.47705,1.47505,1.4900,2.5200
09.01.2014 00:22:01.794,1.47708,1.47508,2.5000,1.0700
09.01.2014 00:22:03.226,1.47712,1.47512,2.8900,1.8100
09.01.2014 00:22:04.857,1.47709,1.47509,1.2500,1.8100
09.01.2014 00:22:06.270,1.47708,1.47508,2.1500,1.2200
09.01.2014 00:22:07.694,1.47708,1.47508,1.2500,2.8600
09.01.2014 00:22:09.052,1.47708,1.47508,2.2000,2.0400
09.01.2014 00:22:10.393,1.47707,1.47507,1.8200,1.5400
09.01.2014 00:22:11.850,1.47710,1.47510,2.4700,2.2700
09.01.2014 00:22:13.224,1.47711,1.47511,1.0000,2.2300
09.01.2014 00:22:14.570,1.47712,1.47512,2.0800,2.6200
09.01.2014 00:22:16.035,1.47713,1.47513,1.4000,2.3000
09.01.2014 00:22:17.336,1.47712,1.47512,1.2300,1.4600
09.01.2014 00:22:18.697,1.47713,1.47513,2.3100,2.2900
09.01.2014 00:22:20.192,1.47713,1.47513,2.2700,1.6200
09.01.2014 00:22:21.586,1.47712,1.47512,2.2300,1.8100
09.01.2014 00:22:23.022,1.47712,1.47512,1.1300,1.2300
09.01.2014 00:22:24.490,1.47713,1.47513,2.2300,2.7400
09.01.2014 00:22:25.776,1.47711,1.47511,1.7800,1.1900
09.01.2014 00:22:27.262,1.47711,1.47511,1.9400,2.7000
09.01.2014 00:22:28.604,1.47712,1.47512,2.9300,1.4300
09.01.2014 00:22:30.038,1.47714,1.47514,1.9500,1.1100
09.01.2014 00:22:31.443,1.47714,1.47514,1.2800,1.0600
09.01.2014 00:22:32.832,1.47715,1.47515,2.7900,2.4600
09.01.2014 00:22:34.227,1.47715,1.47515,2.2000,1.8900
09.01.2014 00:22:35.422,1.47716,1.47516,2.5300,2.4600
09.01.2014 00:22:36.722,1.47715,1.47515,2.6900,1.1500
09.01.2014 00:22:38.138,1.47716,1.47516,1.7300,1.0700
09.01.2014 00:22:39.613,1.47716,1.47516,1.1900,1.4800
09.01.2014 00:22:40.981,1.47717,1.47517,1.4000,2.9300
09.01.2014 00:22:42.236,1.47718,1.47518,2.9300,1.5600
09.01.2014 00:22:43.720,1.47718,1.47518,2.0300,1.8900
09.01.2014 00:22:45.246,1.47720,1.47520,1.9800,1.3500
09.01.2014 00:22:46.809,1.47721,1.47521,1.1900,2.7800
09.01.2014 00:22:48.352,1.47720,1.47520,2.2200,1.1400
09.01.2014 00:22:49.778,1.47718,1.47518,2.0400,1.4300
09.01.2014 00:22:51.413,1.47718,1.47518,1.7800,2.0700
09.01.2014 00:22:52.770,1.47718,1.47518,1.3500,1.4000
09.01.2014 00:22:54.063,1.47716,1.47516,1.5800,1.3200
09.01.2014 00:22:55.523,1.47718,1.47518,2.7600,2.5400
09.01.2014 00:22:57.027,1.47718,1.47518,2.6200,1.7200
09.01.2014 00:22:58.483,1.47718,1.47518,1.3100,2.2500
09.01.2014 00:22:59.817,1.47720,1.47520,2.5900,2.7800
09.01.2014 00:23:01.207,1.47720,1.47520,2.9900,1.8400
09.01.2014 00:23:02.424,1.47719,1.47519,2.7700,2.3000
09.01.2014 00:23:03.836,1.47718,1.47518,1.3000,2.5800
09.01.2014 00:23:05.225,1.47720,1.47520,1.3700,1.1000
09.01.2014 00:23:06.665,1.47718,1.47518,2.2200,2.7000
09.01.2014 00:23:08.010,1.47716,1.47516,1.7100,1.0500
09.01.2014 00:23:09.541,1.47716,1.47516,2.4100,1.4800
09.01.2014 00:23:10.867,1.47714,1.47514,2.3300,1.1400
09.01.2014 00:23:12.207,1.47716,1.47516,1.9500,2.0200
09.01.2014 00:23:13.780,1.47717,1.47517,2.8200,2.3700
09.01.2014 00:23:15.219,1.47717,1.47517,2.5100,1.6400
09.01.2014 00:23:16.653,1.47718,1.47518,2.6500,1.0300
09.01.2014 00:23:18.069,1.47717,1.47517,2.2700,1.3800
09.01.2014 00:23:19.389,1.47717,1.47517,1.6300,1.0500
09.01.2014 00:23:20.952,1.47721,1.47521,1.8900,1.7700
09.01.2014 00:23:22.309,1.47721,1.47521,1.8500,2.0600
09.01.2014 00:23:23.785,1.47720,1.47520,1.8300,2.9800
09.01.2014 00:23:25.289,1.47722,1.47522,1.7700,1.5900
09.01.2014 00:23:26.672,1.47721,1.47521,2.7500,2.6700
09.01.2014 00:23:28.109,1.47721,1.47521,2.5000,1.3800
09.01.2014 00:23:29.527,1.47721,1.47521,1.6300,1.7500
09.01.2014 00:23:30.834,1.47721,1.47521,2.6400,2.0700
09.01.2014 00:23:32.362,1.47722,1.47522,2.5000,2.0700
09.01.2014 00:23:33.744,1.47725,1.47525,1.8500,2.8700
09.01.2014 00:23:35.066,1.47724,1.47524,1.4200,1.4600
09.01.2014 00:23:36.424,1.47723,1.47523,2.8000,1.6100
09.01.2014 00:23:38.075,1.47723,1.47523,2.5400,1.9400
09.01.2014 00:23:39.393,1.47722,1.47522,1.2900,2.9300
09.01.2014 00:23:40.754,1.47723,1.47523,1.4600,2.2200
09.01.2014 00:23:42.120,1.47724,1.47524,2.7900,2.4600
09.01.2014 00:23:43.663,1.47724,1.47524,1.3500,1.8300
09.01.2014 00:23:45.084,1.47725,1.47525,1.8400,2.8600
09.01.2014 00:23:46.487,1.47726,1.47526,1.8400,2.2400
09.01.2014 00:23:47.795,1.47727,1.47527,2.7200,2.2300
09.01.2014 00:23:49.353,1.47728,1.47528,2.1200,2.2800
09.01.2014 00:23:50.804,1.47727,1.47527,1.5900,1.7600
09.01.2014 00:23:52.177,1.47725,1.47525,1.6700,2.0900
09.01.2014 00:23:53.556,1.47727,1.47527,1.9300,1.5200
09.01.2014 00:23:54.765,1.47726,1.47526,2.1900,2.1000
09.01.2014 00:23:56.193,1.47727,1.47527,1.0500,1.2200
09.01.2014 00:23:57.573,1.47722,1.47522,2.5200,1.7900
09.01.2014 00:23:58.947,1.47721,1.47521,1.4200,1.1300
09.01.2014 00:24:00.460,1.47720,1.47520,1.2500,1.2000
09.01.2014 00:24:01.878,1.47719,1.47519,1.4500,2.9600
09.01.2014 00:24:03.386,1.47719,1.47519,2.5300,2.5000
09.01.2014 00:24:04.805,1.47719,1.47519,1.9700,1.7500
09.01.2014 00:24:06.238,1.47721,1.47521,2.9400,2.7400
09.01.2014 00:24:07.766,1.47722,1.47522,2.0600,2.1700
09.01.2014 00:24:09.179,1.47722,1.47522,2.3900,1.9400
09.01.2014 00:24:10.410,1.47723,1.47523,2.5900,1.2900
09.01.2014 00:24:11.871,1.47721,1.47521,2.2200,1.5100
09.01.2014 00:24:13.142,1.47720,1.47520,2.4800,1.9800
09.01.2014 00:24:14.376,1.47722,1.47522,2.0000,2.3100
09.01.2014 00:24:15.697,1.47720,1.47520,2.9000,1.3400
09.01.2014 00:24:17.181,1.47722,1.47522,1.3400,2.9800
09.01.2014 00:24:18.580,1.47724,1.47524,1.4600,2.9300
09.01.2014 00:24:20.017,1.47724,1.47524,2.8600,1.4800
09.01.2014 00:24:21.292,1.47722,1.47522,2.7100,2.4000
09.01.2014 00:24:22.752,1.47721,1.47521,1.7400,1.7400
09.01.2014 00:24:24.159,1.47722,1.47522,1.3400,2.9600
09.01.2014 00:24:25.628,1.47723,1.47523,2.7600,1.9000
09.01.2014 00:24:27.060,1.47725,1.47525,2.6600,2.5700
09.01.2014 00:24:28.396,1.47724,1.47524,1.3300,1.5400
09.01.2014 00:24:29.658,1.47724,1.47524,1.9700,2.2500
09.01.2014 00:24:31.039,1.47724,1.47524,1.7600,1.1400
09.01.2014 00:24:32.511,1.47722,1.47522,1.3000,1.5700
09.01.2014 00:24:34.005,1.47725,1.47525,2.8900,2.6500
09.01.2014 00:24:35.319,1.47724,1.47524,2.6200,1.6600
09.01.2014 00:24:36.787,1.47724,1.47524,1.4600,2.3000
09.01.2014 00:24:38.096,1.47725,1.47525,2.2000,2.2300
09.01.2014 00:24:39.347,1.47725,1.47525,2.4100,2.4500
09.01.2014 00:24:40.666,1.47727,1.47527,1.9300,1.5600
09.01.2014 00:24:42.009,1.47725,1.47525,1.4700,1.5200
09.01.2014 00:24:43.392,1.47726,1.47526,2.5400,1.8300
09.01.2014 00:24:44.693,1.47726,1.47526,1.5900,2.6000
09.01.2014 00:24:46.045,1.47725,1.47525,2.1900,1.1100
09.01.2014 00:24:47.368,1.47728,1.47528,1.1700,1.0000
09.01.2014 00:24:48.998,1.47729,1.47529,2.6100,3.0000
09.01.2014 00:24:50.400,1.47729,1.47529,2.5400,1.8200
09.01.2014 00:24:51.952,1.47730,1.47530,2.7400,1.7500
09.01.2014 00:24:53.201,1.47731,1.47531,1.8300,2.4200
09.01.2014 00:24:54.378,1.47733,1.47533,1.5100,1.9800
09.01.2014 00:24:55.758,1.47731,1.47531,2.3300,1.4500
09.01.2014 00:24:57.107,1.47733,1.47533,1.3000,1.0600
09.01.2014 00:24:58.550,1.47734,1.47534,1.2900,2.8700
09.01.2014 00:24:59.934,1.47735,1.47535,1.0900,1.9100
09.01.2014 00:25:01.386,1.47735,1.47535,2.6000,2.0600
09.01.2014 00:25:02.880,1.47734,1.47534,1.6000,2.9100
09.01.2014 00:25:04.351,1.47734,1.47534,2.6500,2.6100
09.01.2014 00:25:05.674,1.47737,1.47537,1.7700,2.2700
09.01.2014 00:25:07.073,1.47738,1.47538,2.0300,2.5700
09.01.2014 00:25:08.449,1.47738,1.47538,2.9800,2.2000
09.01.2014 00:25:09.830,1.47739,1.47539,1.4000,1.0100
09.01.2014 00:25:11.216,1.47739,1.47539,2.2500,2.3400
09.01.2014 00:25:12.805,1.47737,1.47537,2.0400,1.1900
09.01.2014 00:25:14.334,1.47736,1.47536,2.5100,2.6800
09.01.2014 00:25:15.866,1.47735,1.47535,2.0900,1.9800
09.01.2014 00:25:17.309,1.47737,1.47537,1.2300,1.7300
09.01.2014 00:25:18.803,1.47732,1.47532,2.9800,1.3400
09.01.2014 00:25:20.193,1.47733,1.47533,2.0900,1.2600
09.01.2014 00:25:21.527,1.47731,1.47531,2.2300,1.6700
09.01.2014 00:25:22.968,1.47730,1.47530,2.9800,2.0100
09.01.2014 00:25:24.183,1.47732,1.47532,2.3400,1.1400
09.01.2014 00:25:25.528,1.47731,1.47531,1.0300,1.9100
09.01.2014 00:25:26.961,1.47735,1.47535,2.3400,2.3000
09.01.2014 00:25:28.333,1.47737,1.47537,2.4100,2.0700
09.01.2014 00:25:29.897,1.47740,1.47540,1.0100,2.3000
09.01.2014 00:25:31.149,1.47741,1.47541,2.0600,2.3900
09.01.2014 00:25:32.801,1.47743,1.47543,2.3500,2.9700
09.01.2014 00:25:34.091,1.47742,1.47542,2.2600,2.4700
09.01.2014 00:25:35.421,1.47738,1.47538,2.2700,1.3500
09.01.2014 00:25:36.794,1.47736,1.47536,1.3900,2.9500
09.01.2014 00:25:38.304,1.47736,1.47536,2.5300,2.8300
09.01.2014 00:25:39.745,1.47731,1.47531,2.5600,1.1200
09.01.2014 00:25:41.283,1.47729,1.47529,2.7400,1.3600
09.01.2014 00:25:42.310,1.47731,1.47531,1.3100,2.6000
09.01.2014 00:25:43.524,1.47732,1.47532,2.1400,2.1500
09.01.2014 00:25:44.850,1.47732,1.47532,1.4000,1.7600
09.01.2014 00:25:46.400,1.47732,1.47532,2.7800,1.2200
09.01.2014 00:25:47.870,1.47733,1.47533,1.9200,2.2100
09.01.2014 00:25:49.181,1.47734,1.47534,2.7100,1.7800
09.01.2014 00:25:50.726,1.47733,1.47533,1.6100,1.3800
09.01.2014 00:25:52.106,1.47734,1.47534,2.3200,1.9000
09.01.2014 00:25:53.477,1.47732,1.47532,2.3800,1.4300
09.01.2014 00:25:54.906,1.47732,1.47532,2.6300,1.3600
09.01.2014 00:25:56.367,1.47734,1.47534,2.0800,1.9200
09.01.2014 00:25:57.817,1.47738,1.47538,2.8500,2.4800
09.01.2014 00:25:59.313,1.47736,1.47536,1.4000,2.1500
09.01.2014 00:26:00.569,1.47734,1.47534,1.4700,1.9600
09.01.2014 00:26:01.986,1.47737,1.47537,1.8700,2.6100
09.01.2014 00:26:03.307,1.47733,1.47533,2.1400,1.0400
09.01.2014 00:26:04.721,1.47732,1.47532,1.1800,2.7800
09.01.2014 00:26:05.998,1.47731,1.47531,2.4000,2.9800
09.01.2014 00:26:07.388,1.47731,1.47531,1.2300,2.3000
09.01.2014 00:26:08.735,1.47731,1.47531,2.9400,1.5300
09.01.2014 00:26:10.116,1.47730,1.47530,1.2500,2.4900
09.01.2014 00:26:11.549,1.47730,1.47530,1.0600,1.6400
09.01.2014 00:26:12.808,1.47729,1.47529,1.7700,1.9000
09.01.2014 00:26:13.977,1.47729,1.47529,2.8600,1.3400
09.01.2014 00:26:15.508,1.47727,1.47527,2.4600,1.6400
09.01.2014 00:26:16.791,1.47730,1.47530,1.4500,2.6700
09.01.2014 00:26:18.296,1.47729,1.47529,1.0200,2.9500
09.01.2014 00:26:19.603,1.47730,1.47530,2.7500,2.7800
09.01.2014 00:26:21.059,1.47729,1.47529,1.3800,1.2500
09.01.2014 00:26:22.537,1.47730,1.47530,2.0700,1.9600
09.01.2014 00:26:23.908,1.47730,1.47530,1.9500,2.6900
09.01.2014 00:26:25.378,1.47730,1.47530,2.5900,2.3800
09.01.2014 00:26:26.587,1.47731,1.47531,1.7100,1.5300
09.01.2014 00:26:28.087,1.47732,1.47532,2.0000,2.4600
09.01.2014 00:26:29.643,1.47731,1.47531,1.0600,1.3700
09.01.2014 00:26:30.978,1.47731,1.47531,1.4700,1.1800
09.01.2014 00:26:32.252,1.47731,1.47531,1.5700,2.4700
09.01.2014 00:26:33.662,1.47734,1.47534,2.3200,1.4200
09.01.2014 00:26:34.954,1.47734,1.47534,1.7100,1.6800
09.01.2014 00:26:36.258,1.47736,1.47536,1.7200,1.2100
09.01.2014 00:26:37.644,1.47737,1.47537,2.6300,2.3900
09.01.2014 00:26:39.114,1.47737,1.47537,1.6700,1.5500
09.01.2014 00:26:40.531,1.47738,1.47538,1.4500,1.7800
09.01.2014 00:26:41.865,1.47739,1.47539,1.6000,2.9000
09.01.2014 00:26:43.344,1.47738,1.47538,1.9100,2.9700
09.01.2014 00:26:44.839,1.47738,1.47538,2.2900,2.0000
09.01.2014 00:26:46.114,1.47736,1.47536,2.8100,1.1200
09.01.2014 00:26:47.500,1.47735,1.47535,1.1000,1.1100
09.01.2014 00:26:48.905,1.47732,1.47532,2.3900,2.8100
09.01.2014 00:26:50.495,1.47734,1.47534,2.7900,2.6000
09.01.2014 00:26:51.952,1.47735,1.47535,1.7900,2.8500
09.01.2014 00:26:53.349,1.47734,1.47534,2.8100,2.0800
09.01.2014 00:26:54.831,1.47734,1.47534,1.2100,1.3400
09.01.2014 00:26:56.302,1.47735,1.47535,2.2900,2.6900
09.01.2014 00:26:57.763,1.47737,1.47537,1.2000,2.2700
09.01.2014 00:26:59.091,1.47737,1.47537,1.7000,1.2400
09.01.2014 00:27:00.408,1.47735,1.47535,2.9800,2.7500
09.01.2014 00:27:01.862,1.47734,1.47534,2.8700,1.6400
09.01.2014 00:27:03.130,1.47733,1.47533,1.3100,2.3000
09.01.2014 00:27:04.528,1.47734,1.47534,1.8800,1.4000
09.01.2014 00:27:05.917,1.47733,1.47533,1.0600,2.1500
09.01.2014 00:27:07.218,1.47730,1.47530,2.2700,1.5300
09.01.2014 00:27:08.494,1.47729,1.47529,2.9700,1.3700
09.01.2014 00:27:09.851,1.47729,1.47529,1.8700,2.4600
09.01.2014 00:27:11.330,1.47730,1.47530,2.8800,1.7300
09.01.2014 00:27:12.712,1.47730,1.47530,2.0600,2.9400
09.01.2014 00:27:14.251,1.47731,1.47531,2.8000,2.4100
09.01.2014 00:27:15.617,1.47732,1.47532,1.5600,2.6100
09.01.2014 00:27:17.144,1.47732,1.47532,2.9700,2.6300
09.01.2014 00:27:18.640,1.47734,1.47534,2.4600,1.7200
09.01.2014 00:27:19.988,1.47735,1.47535,1.7700,1.6200
09.01.2014 00:27:21.449,1.47734,1.47534,1.2600,1.7900
09.01.2014 00:27:22.550,1.47737,1.47537,1.0200,1.0700
09.01.2014 00:27:23.983,1.47735,1.47535,2.3000,1.6100
09.01.2014 00:27:25.230,1.47737,1.47537,2.4300,1.2700
09.01.2014 00:27:26.574,1.47735,1.47535,1.7300,2.5900
09.01.2014 00:27:28.027,1.47735,1.47535,2.0600,1.9800
09.01.2014 00:27:29.451,1.47736,1.47536,2.3200,2.8100
09.01.2014 00:27:30.923,1.47736,1.47536,1.7700,1.9100
09.01.2014 00:27:32.268,1.47734,1.47534,2.0700,2.8200
09.01.2014 00:27:33.729,1.47735,1.47535,1.6300,2.8800
09.01.2014 00:27:35.124,1.47733,1.47533,1.6400,1.4100
09.01.2014 00:27:36.568,1.47735,1.47535,2.7200,2.4300
09.01.2014 00:27:38.161,1.47734,1.47534,1.9500,2.6600
09.01.2014 00:27:39.541,1.47734,1.47534,1.1700,1.2700
09.01.2014 00:27:41.080,1.47731,1.47531,1.6500,1.9000
09.01.2014 00:27:42.808,1.47732,1.47532,1.9400,1.3600
09.01.2014 00:27:44.203,1.47731,1.47531,1.5000,2.5000
09.01.2014 00:27:45.632,1.47734,1.47534,2.6200,2.5800
09.01.2014 00:27:47.105,1.47733,1.47533,2.1700,1.0200
09.01.2014 00:27:48.296,1.47732,1.47532,1.0300,1.2100
09.01.2014 00:27:49.650,1.47735,1.47535,2.0800,2.1200
09.01.2014 00:27:51.055,1.47734,1.47534,1.5600,1.5800
09.01.2014 00:27:52.461,1.47735,1.47535,1.8800,2.0500
09.01.2014 00:27:53.821,1.47736,1.47536,2.5300,2.3200
09.01.2014 00:27:55.274,1.47737,1.47537,2.5100,2.3000
09.01.2014 00:27:56.676,1.47737,1.47537,2.0800,1.8800
09.01.2014 00:27:58.075,1.47736,1.47536,2.1900,1.5100
09.01.2014 00:27:59.483,1.47734,1.47534,2.7200,2.8300
09.01.2014 00:28:00.844,1.47732,1.47532,2.9100,2.1600
09.01.2014 00:28:02.241,1.47735,1.47535,2.4000,1.2700
09.01.2014 00:28:03.701,1.47735,1.47535,2.4000,1.2800
09.01.2014 00:28:04.934,1.47733,1.47533,2.6700,1.5400
09.01.2014 00:28:06.468,1.47731,1.47531,2.3000,1.6000
09.01.2014 00:28:07.873,1.47729,1.47529,1.5800,2.4900
09.01.2014 00:28:09.272,1.47730,1.47530,2.9200,1.7600
09.01.2014 00:28:10.799,1.47728,1.47528,2.7300,1.9600
09.01.2014 00:28:12.100,1.47732,1.47532,2.6200,2.6200
09.01.2014 00:28:13.482,1.47733,1.47533,2.1400,2.1500
09.01.2014 00:28:14.902,1.47731,1.47531,1.9600,1.6700
09.01.2014 00:28:16.305,1.47733,1.47533,2.1600,2.5100
09.01.2014 00:28:17.978,1.47735,1.47535,2.0500,2.2600
09.01.2014 00:28:19.288,1.47738,1.47538,2.6800,1.2100
09.01.2014 00:28:20.665,1.47737,1.47537,2.4700,1.7500
09.01.2014 00:28:22.083,1.47736,1.47536,2.7600,2.3700
09.01.2014 00:28:23.512,1.47735,1.47535,1.4400,1.7600
09.01.2014 00:28:24.874,1.47734,1.47534,2.9300,2.3300
09.01.2014 00:28:26.332,1.47732,1.47532,1.4900,1.2000
09.01.2014 00:28:27.746,1.47733,1.47533,1.5000,2.4700
09.01.2014 00:28:29.209,1.47729,1.47529,1.9500,1.9800
09.01.2014 00:28:30.471,1.47730,1.47530,2.2700,1.3000
09.01.2014 00:28:32.118,1.47729,1.47529,1.1100,1.7700
09.01.2014 00:28:33.638,1.47729,1.47529,1.8500,2.8000
09.01.2014 00:28:35.011,1.47730,1.47530,1.0400,1.1600
09.01.2014 00:28:36.258,1.47728,1.47528,2.7500,2.1500
09.01.2014 00:28:37.662,1.47726,1.47526,1.8700,1.8100
09.01.2014 00:28:39.127,1.47725,1.47525,1.0500,2.6200
09.01.2014 00:28:40.509,1.47723,1.47523,1.7300,2.4500
09.01.2014 00:28:41.968,1.47723,1.47523,2.5200,2.8600
09.01.2014 00:28:43.465,1.47726,1.47526,2.7000,1.7800
09.01.2014 00:28:44.998,1.47726,1.47526,2.0400,2.3100
09.01.2014 00:28:46.339,1.47726,1.47526,1.1000,1.6500
09.01.2014 00:28:47.688,1.47725,1.47525,2.1100,1.5700
09.01.2014 00:28:49.184,1.47726,1.47526,2.2400,1.8000
09.01.2014 00:28:50.194,1.47727,1.47527,1.8900,2.9200
09.01.2014 00:28:51.478,1.47726,1.47526,2.5700,1.4200
09.01.2014 00:28:52.735,1.47727,1.47527,2.3400,2.1900
09.01.2014 00:28:54.365,1.47726,1.47526,1.7200,1.0500
09.01.2014 00:28:55.811,1.47726,1.47526,1.4200,1.8500
09.01.2014 00:28:57.021,1.47725,1.47525,1.2400,1.5600
09.01.2014 00:28:58.366,1.47727,1.47527,2.2500,1.7300
09.01.2014 00:28:59.607,1.47726,1.47526,1.4500,2.2700
09.01.2014 00:29:00.881,1.47729,1.47529,2.7300,2.5600
09.01.2014 00:29:02.247,1.47730,1.47530,1.6700,2.0700
09.01.2014 00:29:03.696,1.47728,1.47528,2.7500,1.7400
09.01.2014 00:29:05.110,1.47729,1.47529,2.8100,1.7700
09.01.2014 00:29:06.511,1.47727,1.47527,2.4400,1.3500
09.01.2014 00:29:07.808,1.47727,1.47527,1.6800,1.3200
09.01.2014 00:29:09.290,1.47730,1.47530,1.5700,2.8600
09.01.2014 00:29:10.592,1.47728,1.47528,2.7300,1.6700
09.01.2014 00:29:11.854,1.47730,1.47530,1.9300,2.5000
09.01.2014 00:29:13.123,1.47730,1.47530,2.8000,1.8100
09.01.2014 00:29:14.591,1.47732,1.47532,1.1900,1.6800
09.01.2014 00:29:16.062,1.47730,1.47530,1.3100,1.7900
09.01.2014 00:29:17.508,1.47731,1.47531,1.5800,1.8400
09.01.2014 00:29:18.834,1.47732,1.47532,1.9600,2.4100
09.01.2014 00:29:20.317,1.47729,1.47529,2.5000,2.7500
09.01.2014 00:29:21.769,1.47731,1.47531,1.1300,1.2500
09.01.2014 00:29:23.249,1.47732,1.47532,2.0300,2.8600
09.01.2014 00:29:24.512,1.47734,1.47534,1.2400,1.6300
09.01.2014 00:29:25.899,1.47736,1.47536,2.8300,2.8600
09.01.2014 00:29:27.340,1.47736,1.47536,1.3400,1.3800
09.01.2014 00:29:28.687,1.47735,1.47535,1.8400,1.0900
09.01.2014 00:29:30.056,1.47734,1.47534,2.7100,2.9800
09.01.2014 00:29:31.447,1.47735,1.47535,2.6800,1.9400
09.01.2014 00:29:32.838,1.47736,1.47536,2.8700,1.3600
09.01.2014 00:29:34.266,1.47736,1.47536,2.6100,1.5300
09.01.2014 00:29:35.677,1.47737,1.47537,2.3600,1.9100
09.01.2014 00:29:37.115,1.47736,1.47536,2.4400,1.0600
09.01.2014 00:29:38.589,1.47736,1.47536,2.5700,1.3800
09.01.2014 00:29:40.017,1.47737,1.47537,2.6500,1.5900
09.01.2014 00:29:41.772,1.47736,1.47536,1.3800,2.3600
09.01.2014 00:29:43.220,1.47739,1.47539,1.1900,2.8100
09.01.2014 00:29:44.646,1.47743,1.47543,2.9200,2.3100
09.01.2014 00:29:46.207,1.47743,1.47543,2.1700,2.1000
09.01.2014 00:29:47.435,1.47743,1.47543,2.7600,2.5600
09.01.2014 00:29:48.866,1.47743,1.47543,2.2500,1.1300
09.01.2014 00:29:50.275,1.47741,1.47541,3.0000,1.3000
09.01.2014 00:29:51.707,1.47744,1.47544,1.7200,1.1500
09.01.2014 00:29:53.139,1.47744,1.47544,1.4100,2.3600
09.01.2014 00:29:54.632,1.47741,1.47541,2.4800,1.7400
09.01.2014 00:29:55.925,1.47742,1.47542,2.7900,2.9500
09.01.2014 00:29:57.289,1.47742,1.47542,2.4800,2.5600
09.01.2014 00:29:58.534,1.47741,1.47541,1.4600,1.3700
09.01.2014 00:29:59.964,1.47741,1.47541,1.0200,2.6100
09.01.2014 00:30:01.493,1.47741,1.47541,2.2300,1.3500
09.01.2014 00:30:02.990,1.47741,1.47541,1.4200,2.8100
09.01.2014 00:30:04.435,1.47741,1.47541,2.0500,1.7100
09.01.2014 00:30:05.693,1.47741,1.47541,1.7500,2.2900
09.01.2014 00:30:07.147,1.47741,1.47541,2.0500,1.1400
09.01.2014 00:30:08.382,1.47738,1.47538,1.2700,1.1000
09.01.2014 00:30:09.809,1.47735,1.47535,2.4800,2.0000
09.01.2014 00:30:11.199,1.47736,1.47536,1.6500,1.0700
09.01.2014 00:30:12.515,1.47737,1.47537,2.7300,2.0000
09.01.2014 00:30:13.923,1.47738,1.47538,1.3400,1.5900
09.01.2014 00:30:15.585,1.47735,1.47535,1.1300,1.8100
09.01.2014 00:30:16.933,1.47733,1.47533,2.9100,2.2300
09.01.2014 00:30:18.380,1.47731,1.47531,2.6400,1.7900
09.01.2014 00:30:19.786,1.47732,1.47532,2.6200,1.2600
09.01.2014 00:30:21.354,1.47732,1.47532,2.4400,2.8400
09.01.2014 00:30:22.742,1.47734,1.47534,1.3700,2.3400
09.01.2014 00:30:24.298,1.47734,1.47534,1.4500,2.4400
09.01.2014 00:30:25.814,1.47735,1.47535,2.5700,2.3400
09.01.2014 00:30:27.206,1.47736,1.47536,2.1400,2.3200
09.01.2014 00:30:28.624,1.47739,1.47539,1.1000,1.9400
09.01.2014 00:30:29.850,1.47741,1.47541,2.9700,2.8500
09.01.2014 00:30:31.065,1.47741,1.47541,2.6200,2.9300
09.01.2014 00:30:32.411,1.47742,1.47542,2.5800,1.9700
09.01.2014 00:30:33.815,1.47739,1.47539,1.5700,2.4400
09.01.2014 00:30:35.261,1.47740,1.47540,2.3100,2.7500
09.01.2014 00:30:36.564,1.47740,1.47540,1.9600,2.3800
09.01.2014 00:30:37.970,1.47738,1.47538,1.2200,2.4500
09.01.2014 00:30:39.277,1.47741,1.47541,1.3100,1.0200
09.01.2014 00:30:40.776,1.47739,1.47539,2.7200,2.0800
09.01.2014 00:30:42.163,1.47738,1.47538,1.8900,2.4000
09.01.2014 00:30:43.790,1.47736,1.47536,2.4700,2.2100
09.01.2014 00:30:45.287,1.47736,1.47536,2.4100,2.8400
09.01.2014 00:30:46.836,1.47733,1.47533,1.0800,1.9800
09.01.2014 00:30:48.277,1.47732,1.47532,2.9300,1.5400
09.01.2014 00:30:49.713,1.47734,1.47534,2.8400,1.6900
09.01.2014 00:30:51.000,1.47734,1.47534,2.1500,2.0100
09.01.2014 00:30:52.329,1.47733,1.47533,2.8100,1.2900
09.01.2014 00:30:53.713,1.47732,1.47532,1.4000,1.7700
09.01.2014 00:30:55.198,1.47733,1.47533,1.2100,2.2100
09.01.2014 00:30:56.484,1.47733,1.47533,2.3000,2.0200
09.01.2014 00:30:58.034,1.47734,1.47534,1.3600,1.9800
09.01.2014 00:30:59.545,1.47733,1.47533,2.6400,1.0100
09.01.2014 00:31:00.815,1.47732,1.47532,2.6300,1.1900
09.01.2014 00:31:02.321,1.47730,1.47530,1.4900,2.3000
09.01.2014 00:31:03.676,1.47731,1.47531,2.0400,1.5200
09.01.2014 00:31:05.027,1.47734,1.47534,2.4200,1.9500
09.01.2014 00:31:06.485,1.47736,1.47536,2.0500,1.2100
09.01.2014 00:31:07.955,1.47736,1.47536,2.6000,2.0600
09.01.2014 00:31:09.546,1.47736,1.47536,2.9200,1.9200
09.01.2014 00:31:10.873,1.47737,1.47537,1.2600,1.9600
09.01.2014 00:31:12.172,1.47735,1.47535,2.3300,2.1200
09.01.2014 00:31:13.687,1.47735,1.47535,3.0000,1.5100
09.01.2014 00:31:15.306,1.47733,1.47533,2.8100,2.3100
09.01.2014 00:31:16.700,1.47734,1.47534,1.7600,1.6100
09.01.2014 00:31:18.086,1.47733,1.47533,2.0300,1.8800
09.01.2014 00:31:19.209,1.47734,1.47534,2.6900,1.5800
09.01.2014 00:31:20.663,1.47737,1.47537,1.4500,1.3000
09.01.2014 00:31:21.888,1.47735,1.47535,1.1600,2.0700
09.01.2014 00:31:23.314,1.47737,1.47537,2.1400,2.3000
09.01.2014 00:31:24.762,1.47738,1.47538,2.4800,1.6500
09.01.2014 00:31:25.933,1.47740,1.47540,1.2700,1.5800
09.01.2014 00:31:27.222,1.47738,1.47538,2.9200,2.1300
09.01.2014 00:31:28.735,1.47738,1.47538,1.8900,1.6400
09.01.2014 00:31:30.173,1.47739,1.47539,2.0100,1.1900
09.01.2014 00:31:31.492,1.47739,1.47539,1.6100,2.8500
09.01.2014 00:31:32.885,1.47738,1.47538,2.9600,1.9800
09.01.2014 00:31:34.333,1.47740,1.47540,1.4400,1.3700
09.01.2014 00:31:35.739,1.47739,1.47539,2.3100,2.9500
09.01.2014 00:31:37.154,1.47740,1.47540,1.8900,1.3900
09.01.2014 00:31:38.527,1.47739,1.47539,2.1300,2.4300
09.01.2014 00:31:40.039,1.47739,1.47539,1.3500,1.9800
09.01.2014 00:31:41.387,1.47737,1.47537,1.5700,2.1200
09.01.2014 00:31:42.748,1.47739,1.47539,2.6100,2.9300
09.01.2014 00:31:43.998,1.47742,1.47542,2.4100,1.1700
09.01.2014 00:31:45.296,1.47743,1.47543,2.6100,1.3400
09.01.2014 00:31:46.677,1.47746,1.47546,1.2400,2.7600
09.01.2014 00:31:48.044,1.47745,1.47545,2.9300,2.5400
09.01.2014 00:31:49.520,1.47744,1.47544,1.3400,1.9300
09.01.2014 00:31:50.926,1.47743,1.47543,2.9300,2.1600
09.01.2014 00:31:52.318,1.47744,1.47544,2.5600,2.7900
09.01.2014 00:31:53.757,1.47741,1.47541,1.0100,2.5900
09.01.2014 00:31:55.071,1.47738,1.47538,2.7800,1.6400
09.01.2014 00:31:56.454,1.47738,1.47538,1.3800,1.6500
09.01.2014 00:31:57.885,1.47738,1.47538,2.5100,1.2900
09.01.2014 00:31:59.446,1.47741,1.47541,2.1500,2.3100
09.01.2014 00:32:00.784,1.47739,1.47539,1.8900,2.4300
09.01.2014 00:32:02.131,1.47740,1.47540,2.5600,2.9200
09.01.2014 00:32:03.502,1.47737,1.47537,1.5700,2.9000
09.01.2014 00:32:04.946,1.47739,1.47539,1.6100,1.8300
09.01.2014 00:32:06.391,1.47739,1.47539,2.0400,2.9300
09.01.2014 00:32:07.760,1.47736,1.47536,1.9000,2.3600
09.01.2014 00:32:09.196,1.47741,1.47541,2.2800,2.8400
09.01.2014 00:32:10.595,1.47743,1.47543,1.3700,1.2400
09.01.2014 00:32:12.010,1.47745,1.47545,2.4300,1.6100
09.01.2014 00:32:13.435,1.47746,1.47546,2.1700,2.2900
09.01.2014 00:32:14.881,1.47745,1.47545,1.0100,2.2400
09.01.2014 00:32:16.325,1.47746,1.47546,1.5200,1.1500
09.01.2014 00:32:17.723,1.47746,1.47546,2.4500,2.0100
09.01.2014 00:32:19.095,1.47746,1.47546,1.8800,1.3400
09.01.2014 00:32:20.606,1.47746,1.47546,1.1500,1.8000
09.01.2014 00:32:22.112,1.47747,1.47547,1.9700,2.3800
09.01.2014 00:32:23.415,1.47748,1.47548,2.3000,2.4900
09.01.2014 00:32:24.709,1.47748,1.47548,1.3500,2.7700
09.01.2014 00:32:26.167,1.47746,1.47546,1.2100,1.6000
09.01.2014 00:32:27.606,1.47743,1.47543,2.0300,1.8300
09.01.2014 00:32:28.962,1.47742,1.47542,1.1700,2.9200
09.01.2014 00:32:30.266,1.47743,1.47543,2.3400,2.5100
09.01.2014 00:32:31.755,1.47741,1.47541,1.1900,1.5600
09.01.2014 00:32:33.051,1.47742,1.47542,2.4100,1.9000
09.01.2014 00:32:34.427,1.47742,1.47542,1.2400,2.3700
09.01.2014 00:32:35.840,1.47743,1.47543,2.8100,2.0300
09.01.2014 00:32:37.232,1.47744,1.47544,1.2500,1.0400
09.01.2014 00:32:38.512,1.47745,1.47545,2.4100,2.4600
09.01.2014 00:32:39.832,1.47745,1.47545,1.2000,1.4400
09.01.2014 00:32:41.024,1.47746,1.47546,2.4600,1.1600
09.01.2014 00:32:42.468,1.47747,1.47547,2.6100,1.5400
09.01.2014 00:32:43.969,1.47749,1.47549,2.8300,2.7800
09.01.2014 00:32:45.361,1.47748,1.47548,1.2300,2.3300
09.01.2014 00:32:46.749,1.47750,1.47550,1.6400,2.7400
09.01.2014 00:32:48.157,1.47750,1.47550,1.7600,2.1500
09.01.2014 00:32:49.485,1.47749,1.47549,2.7600,2.8700
09.01.2014 00:32:50.719,1.47747,1.47547,1.1000,2.5900
09.01.2014 00:32:52.200,1.47749,1.47549,2.1700,2.1700
09.01.2014 00:32:53.449,1.47749,1.47549,1.5000,1.8800
09.01.2014 00:32:54.756,1.47748,1.47548,1.4400,2.4800
09.01.2014 00:32:56.088,1.47748,1.47548,1.8000,1.9200
09.01.2014 00:32:57.429,1.47747,1.47547,2.8200,1.6400
09.01.2014 00:32:58.615,1.47748,1.47548,2.7300,1.6000
09.01.2014 00:33:00.000,1.47748,1.47548,2.9200,1.5100
09.01.2014 00:33:01.523,1.47748,1.47548,2.0700,2.4700
09.01.2014 00:33:02.995,1.47750,1.47550,1.8100,1.7500
09.01.2014 00:33:04.339,1.47751,1.47551,2.6700,2.8900
09.01.2014 00:33:05.789,1.47752,1.47552,1.5200,1.9300
09.01.2014 00:33:07.236,1.47752,1.47552,1.5300,2.1600
09.01.2014 00:33:08.669,1.47749,1.47549,2.3200,2.6100
09.01.2014 00:33:10.051,1.47750,1.47550,2.7200,2.0300
09.01.2014 00:33:11.342,1.47750,1.47550,1.5000,1.5000
09.01.2014 00:33:12.781,1.47748,1.47548,2.4400,2.0800
09.01.2014 00:33:14.347,1.47745,1.47545,1.0500,2.1900
09.01.2014 00:33:15.673,1.47747,1.47547,1.2300,1.1700
09.01.2014 00:33:17.093,1.47746,1.47546,1.3400,2.1900
09.01.2014 00:33:18.384,1.47747,1.47547,1.9100,1.4800
09.01.2014 00:33:19.906,1.47744,1.47544,2.9900,2.0900
09.01.2014 00:33:21.265,1.47743,1.47543,2.1700,1.7600
09.01.2014 00:33:22.680,1.47742,1.47542,2.6200,1.5300
09.01.2014 00:33:23.988,1.47739,1.47539,1.0100,1.3500
09.01.2014 00:33:25.429,1.47737,1.47537,1.7800,2.9800
09.01.2014 00:33:26.664,1.47739,1.47539,1.4900,2.9100
09.01.2014 00:33:28.123,1.47739,1.47539,1.1800,1.8100
09.01.2014 00:33:29.680,1.47740,1.47540,2.4600,1.8100
09.01.2014 00:33:31.005,1.47743,1.47543,2.8700,2.2300
09.01.2014 00:33:32.288,1.47744,1.47544,1.6300,1.3600
09.01.2014 00:33:33.748,1.47744,1.47544,1.7000,1.3100
09.01.2014 00:33:35.320,1.47745,1.47545,2.0700,2.7400
09.01.2014 00:33:36.654,1.47745,1.47545,2.1500,1.3500
09.01.2014 00:33:38.087,1.47746,1.47546,1.1000,2.3500
09.01.2014 00:33:39.492,1.47744,1.47544,2.9000,1.2600
09.01.2014 00:33:40.923,1.47743,1.47543,2.4600,2.4600
09.01.2014 00:33:42.338,1.47742,1.47542,2.0300,2.3100
09.01.2014 00:33:43.725,1.47740,1.47540,2.5100,1.6300
09.01.2014 00:33:45.146,1.47739,1.47539,1.8100,1.7700
09.01.2014 00:33:46.669,1.47739,1.47539,2.0700,2.9400
09.01.2014 00:33:48.236,1.47737,1.47537,2.6500,1.1700
09.01.2014 00:33:49.613,1.47736,1.47536,2.3100,2.6900
09.01.2014 00:33:51.004,1.47735,1.47535,2.1300,1.6500
09.01.2014 00:33:52.274,1.47733,1.47533,2.7500,2.9900
09.01.2014 00:33:53.604,1.47733,1.47533,1.1300,1.9100
09.01.2014 00:33:55.087,1.47734,1.47534,2.6400,2.8800
09.01.2014 00:33:56.505,1.47735,1.47535,2.7400,2.5600
09.01.2014 00:33:57.774,1.47735,1.47535,1.7400,2.8100
09.01.2014 00:33:59.234,1.47734,1.47534,1.9400,2.8600
09.01.2014 00:34:00.867,1.47736,1.47536,2.1800,1.8900
09.01.2014 00:34:02.117,1.47733,1.47533,1.4600,1.2700
09.01.2014 00:34:03.583,1.47737,1.47537,1.6000,1.0700
09.01.2014 00:34:04.968,1.47735,1.47535,2.6500,2.6800
09.01.2014 00:34:06.490,1.47735,1.47535,2.3200,2.8500
09.01.2014 00:34:07.739,1.47734,1.47534,2.2200,2.9300
09.01.2014 00:34:09.114,1.47735,1.47535,2.5400,2.2900
09.01.2014 00:34:10.545,1.47734,1.47534,2.5000,2.3200
09.01.2014 00:34:11.721,1.47733,1.47533,1.2900,2.6400
09.01.2014 00:34:13.167,1.47733,1.47533,2.0600,1.6500
09.01.2014 00:34:14.550,1.47732,1.47532,2.6300,2.0600
09.01.2014 00:34:15.779,1.47732,1.47532,2.1100,1.4300
09.01.2014 00:34:17.262,1.47732,1.47532,2.1500,2.8500
09.01.2014 00:34:18.717,1.47732,1.47532,2.1500,2.5600
09.01.2014 00:34:19.972,1.47733,1.47533,2.8500,2.6900
09.01.2014 00:34:21.345,1.47734,1.47534,2.9600,2.7900
09.01.2014 00:34:22.801,1.47733,1.47533,2.1100,2.1700
09.01.2014 00:34:24.121,1.47731,1.47531,1.1200,2.0300
09.01.2014 00:34:25.432,1.47731,1.47531,1.8800,1.2200
09.01.2014 00:34:26.820,1.47731,1.47531,1.9600,2.2000
09.01.2014 00:34:28.104,1.47732,1.47532,1.6900,2.8900
09.01.2014 00:34:29.518,1.47729,1.47529,1.2300,1.6000
09.01.2014 00:34:31.003,1.47730,1.47530,2.4200,2.6000
09.01.2014 00:34:32.359,1.47727,1.47527,1.5400,2.6900
09.01.2014 00:34:33.761,1.47725,1.47525,2.4600,1.8600
09.01.2014 00:34:35.116,1.47724,1.47524,1.1100,1.7500
09.01.2014 00:34:36.589,1.47724,1.47524,1.8500,2.7100
09.01.2014 00:34:37.919,1.47722,1.47522,2.6200,2.6800
09.01.2014 00:34:39.327,1.47721,1.47521,1.7900,2.6600
09.01.2014 00:34:40.669,1.47719,1.47519,2.0500,2.2300
09.01.2014 00:34:42.090,1.47718,1.47518,1.3100,2.9600
09.01.2014 00:34:43.343,1.47718,1.47518,2.7500,2.7900
09.01.2014 00:34:44.733,1.47717,1.47517,2.6900,1.9100
09.01.2014 00:34:46.082,1.47716,1.47516,1.6300,2.9800
09.01.2014 00:34:47.491,1.47717,1.47517,3.0000,2.6600
09.01.2014 00:34:48.743,1.47715,1.47515,2.6800,2.1800
09.01.2014 00:34:50.251,1.47716,1.47516,1.2400,1.0100
09.01.2014 00:34:51.639,1.47714,1.47514,2.4200,2.5000
09.01.2014 00:34:53.136,1.47714,1.47514,1.6200,1.8900
09.01.2014 00:34:54.567,1.47712,1.47512,2.9500,2.4200
09.01.2014 00:34:55.982,1.47711,1.47511,2.2300,2.4100
09.01.2014 00:34:57.306,1.47708,1.47508,2.7700,2.0800
09.01.2014 00:34:58.650,1.47708,1.47508,2.1600,2.7700
09.01.2014 00:35:00.015,1.47708,1.47508,2.1300,2.6900
09.01.2014 00:35:01.577,1.47707,1.47507,2.5400,1.9700
09.01.2014 00:35:03.061,1.47705,1.47505,2.6800,2.5100
09.01.2014 00:35:04.569,1.47703,1.47503,2.9600,2.7200
09.01.2014 00:35:05.972,1.47704,1.47504,1.8500,1.2200
09.01.2014 00:35:07.513,1.47704,1.47504,1.1800,1.8500
09.01.2014 00:35:08.806,1.47704,1.47504,1.9200,1.2800
09.01.2014 00:35:10.206,1.47706,1.47506,2.8100,1.5700
09.01.2014 00:35:11.602,1.47705,1.47505,2.0300,2.3300
09.01.2014 00:35:12.935,1.47705,1.47505,2.9100,2.9500
09.01.2014 00:35:14.367,1.47707,1.47507,2.6500,1.4000
09.01.2014 00:35:15.792,1.47705,1.47505,2.3400,2.2200
09.01.2014 00:35:17.242,1.47704,1.47504,1.9900,1.1100
09.01.2014 00:35:18.557,1.47704,1.47504,2.9800,1.8500
09.01.2014 00:35:19.928,1.47704,1.47504,2.9700,1.6900
09.01.2014 00:35:21.326,1.47702,1.47502,2.2500,1.8200
09.01.2014 00:35:22.770,1.47701,1.47501,1.0100,1.2300
09.01.2014 00:35:24.003,1.47703,1.47503,1.9700,1.2700
09.01.2014 00:35:25.348,1.47701,1.47501,2.1500,1.8100
09.01.2014 00:35:26.883,1.47699,1.47499,2.3000,2.3200
09.01.2014 00:35:28.324,1.47700,1.47500,2.6000,2.7700
09.01.2014 00:35:29.655,1.47698,1.47498,2.6800,1.9000
09.01.2014 00:35:31.254,1.47701,1.47501,2.6700,2.3200
09.01.2014 00:35:32.660,1.47702,1.47502,2.7300,1.2800
09.01.2014 00:35:33.939,1.47701,1.47501,2.2300,1.2800
09.01.2014 00:35:35.356,1.47700,1.47500,1.2500,1.6700
09.01.2014 00:35:36.874,1.47702,1.47502,2.1100,2.8800
09.01.2014 00:35:38.227,1.47700,1.47500,1.4000,2.2700
09.01.2014 00:35:39.786,1.47700,1.47500,1.6900,1.2700
09.01.2014 00:35:41.205,1.47700,1.47500,2.5900,1.1000
09.01.2014 00:35:42.660,1.47697,1.47497,1.4700,2.5700
09.01.2014 00:35:43.970,1.47697,1.47497,1.7200,1.6200
09.01.2014 00:35:45.506,1.47698,1.47498,1.7500,3.0000
09.01.2014 00:35:46.764,1.47697,1.47497,2.5400,1.5400
09.01.2014 00:35:48.157,1.47696,1.47496,2.7000,2.5200
09.01.2014 00:35:49.485,1.47696,1.47496,1.7500,2.3300
09.01.2014 00:35:51.045,1.47696,1.47496,2.8100,2.5100
09.01.2014 00:35:52.532,1.47694,1.47494,1.6500,2.0400
09.01.2014 00:35:53.891,1.47694,1.47494,1.2500,1.0800
09.01.2014 00:35:55.162,1.47694,1.47494,2.4600,2.5900
09.01.2014 00:35:56.416,1.47693,1.47493,2.3900,2.8000
09.01.2014 00:35:57.724,1.47692,1.47492,2.2400,1.9400
09.01.2014 00:35:59.160,1.47692,1.47492,2.1900,1.2900
09.01.2014 00:36:00.618,1.47690,1.47490,2.7400,2.9000
09.01.2014 00:36:02.106,1.47689,1.47489,2.7000,1.1600
09.01.2014 00:36:03.473,1.47690,1.47490,2.4300,1.7800
09.01.2014 00:36:04.825,1.47691,1.47491,2.0300,2.1200
09.01.2014 00:36:06.264,1.47692,1.47492,2.5200,1.4800
09.01.2014 00:36:07.722,1.47692,1.47492,1.4800,1.2400
09.01.2014 00:36:09.226,1.47690,1.47490,2.0500,2.3500
09.01.2014 00:36:10.568,1.47689,1.47489,1.1600,1.3800
09.01.2014 00:36:12.018,1.47690,1.47490,2.1600,2.6600
09.01.2014 00:36:13.333,1.47692,1.47492,1.9800,2.4700
09.01.2014 00:36:14.772,1.47691,1.47491,1.9700,2.5300
09.01.2014 00:36:16.086,1.47692,1.47492,2.6700,1.5700
09.01.2014 00:36:17.401,1.47692,1.47492,1.6200,1.0800
09.01.2014 00:36:18.713,1.47694,1.47494,2.2700,1.7000
09.01.2014 00:36:20.183,1.47694,1.47494,2.0000,1.9600
09.01.2014 00:36:21.578,1.47697,1.47497,1.8600,2.9000
09.01.2014 00:36:23.037,1.47697,1.47497,2.1300,2.4100
09.01.2014 00:36:24.523,1.47695,1.47495,2.6000,1.9400
09.01.2014 00:36:25.911,1.47694,1.47494,1.1400,2.8000
09.01.2014 00:36:27.350,1.47696,1.47496,1.7400,2.8900
09.01.2014 00:36:28.639,1.47696,1.47496,2.1600,2.2500
09.01.2014 00:36:29.949,1.47692,1.47492,2.1400,1.8600
09.01.2014 00:36:31.355,1.47693,1.47493,2.4800,2.6400
09.01.2014 00:36:32.895,1.47693,1.47493,2.4100,1.9500
09.01.2014 00:36:34.125,1.47693,1.47493,2.9100,1.3400
09.01.2014 00:36:35.513,1.47692,1.47492,1.3000,2.9600
09.01.2014 00:36:36.878,1.47692,1.47492,2.9000,2.1600
09.01.2014 00:36:38.311,1.47692,1.47492,1.4300,1.9800
09.01.2014 00:36:39.713,1.47692,1.47492,1.5900,2.5900
09.01.2014 00:36:41.028,1.47691,1.47491,1.8200,2.9200
09.01.2014 00:36:42.548,1.47693,1.47493,1.1800,1.7000
09.01.2014 00:36:43.986,1.47692,1.47492,1.3600,2.9300
09.01.2014 00:36:45.451,1.47691,1.47491,1.3900,2.7400
09.01.2014 00:36:46.871,1.47693,1.47493,2.4900,2.9500
09.01.2014 00:36:48.277,1.47695,1.47495,1.7000,1.9200
09.01.2014 00:36:49.694,1.47697,1.47497,2.5900,2.0300
09.01.2014 00:36:50.978,1.47696,1.47496,2.0300,1.1500
09.01.2014 00:36:52.524,1.47693,1.47493,2.2000,1.5000
09.01.2014 00:36:53.913,1.47690,1.47490,1.6000,2.6500
09.01.2014 00:36:55.237,1.47690,1.47490,2.1200,2.4600
09.01.2014 00:36:56.548,1.47691,1.47491,2.7800,1.3500
09.01.2014 00:36:57.868,1.47692,1.47492,2.0300,2.6000
09.01.2014 00:36:59.369,1.47693,1.47493,1.8700,1.9600
09.01.2014 00:37:00.871,1.47694,1.47494,1.9200,2.0500
09.01.2014 00:37:02.265,1.47694,1.47494,1.7100,2.7600
09.01.2014 00:37:03.601,1.47696,1.47496,2.3900,2.8000
09.01.2014 00:37:04.940,1.47697,1.47497,1.3000,1.5500
09.01.2014 00:37:06.376,1.47693,1.47493,2.3200,1.1700
09.01.2014 00:37:07.830,1.47695,1.47495,1.3700,1.8300
09.01.2014 00:37:09.180,1.47696,1.47496,1.9500,2.8800
09.01.2014 00:37:10.773,1.47697,1.47497,1.6900,2.9100
09.01.2014 00:37:12.242,1.47696,1.47496,2.4700,1.5300
09.01.2014 00:37:13.528,1.47697,1.47497,2.9900,1.2400
09.01.2014 00:37:14.948,1.47698,1.47498,1.9300,2.9600
09.01.2014 00:37:16.370,1.47698,1.47498,2.9500,2.6400
09.01.2014 00:37:17.536,1.47696,1.47496,1.9800,2.6800
09.01.2014 00:37:19.015,1.47692,1.47492,2.0500,2.9400
09.01.2014 00:37:20.459,1.47691,1.47491,2.2500,1.5600
09.01.2014 00:37:21.856,1.47689,1.47489,1.4900,1.7100
09.01.2014 00:37:23.132,1.47689,1.47489,2.2900,2.4600
09.01.2014 00:37:24.355,1.47688,1.47488,2.6100,2.6500
09.01.2014 00:37:25.803,1.47689,1.47489,2.1700,2.2600
09.01.2014 00:37:27.247,1.47688,1.47488,1.7800,2.4200
09.01.2014 00:37:28.616,1.47688,1.47488,2.6600,1.1700
09.01.2014 00:37:29.910,1.47690,1.47490,2.1500,1.4700
09.01.2014 00:37:31.268,1.47689,1.47489,2.5700,2.2000
09.01.2014 00:37:32.816,1.47690,1.47490,2.1000,1.3700
09.01.2014 00:37:34.333,1.47689,1.47489,1.3800,1.0100
09.01.2014 00:37:35.787,1.47689,1.47489,1.1400,1.1200
09.01.2014 00:37:37.239,1.47691,1.47491,1.2100,2.6700
09.01.2014 00:37:38.666,1.47690,1.47490,1.0100,1.3900
09.01.2014 00:37:40.019,1.47690,1.47490,1.4700,1.8600
09.01.2014 00:37:41.489,1.47687,1.47487,2.1600,1.2200
09.01.2014 00:37:43.040,1.47685,1.47485,1.5000,2.4900
09.01.2014 00:37:44.536,1.47684,1.47484,2.8600,1.2700
09.01.2014 00:37:46.137,1.47684,1.47484,1.4000,2.5600
09.01.2014 00:37:47.716,1.47683,1.47483,1.9200,2.1100
09.01.2014 00:37:48.916,1.47686,1.47486,1.6600,2.5900
09.01.2014 00:37:50.196,1.47687,1.47487,1.6700,2.5600
09.01.2014 00:37:51.656,1.47690,1.47490,1.7800,2.9500
09.01.2014 00:37:53.166,1.47688,1.47488,1.4300,1.6000
09.01.2014 00:37:54.658,1.47685,1.47485,2.8200,1.7000
09.01.2014 00:37:55.931,1.47685,1.47485,1.3400,1.8900
09.01.2014 00:37:57.323,1.47687,1.47487,2.8300,2.0600
09.01.2014 00:37:58.737,1.47685,1.47485,2.6300,1.9000
09.01.2014 00:38:00.187,1.47683,1.47483,2.9900,2.3700
09.01.2014 00:38:01.506,1.47685,1.47485,2.1800,1.5600
09.01.2014 00:38:02.733,1.47685,1.47485,2.9200,2.1800
09.01.2014 00:38:04.085,1.47683,1.47483,2.8300,1.7800
09.01.2014 00:38:05.586,1.47684,1.47484,2.0300,2.7400
09.01.2014 00:38:06.958,1.47687,1.47487,2.7100,1.7500
09.01.2014 00:38:08.232,1.47686,1.47486,1.8700,2.5000
09.01.2014 00:38:09.689,1.47684,1.47484,1.9900,2.8300
09.01.2014 00:38:10.999,1.47682,1.47482,2.9500,1.0700
09.01.2014 00:38:12.388,1.47681,1.47481,2.7200,2.2000
09.01.2014 00:38:13.914,1.47682,1.47482,2.8400,1.3600
09.01.2014 00:38:15.374,1.47681,1.47481,2.1200,1.8900
09.01.2014 00:38:16.724,1.47679,1.47479,1.1700,2.6000
09.01.2014 00:38:17.960,1.47677,1.47477,2.8500,1.7600
09.01.2014 00:38:19.485,1.47679,1.47479,2.4300,2.0200
09.01.2014 00:38:20.907,1.47677,1.47477,1.5800,2.0600
09.01.2014 00:38:22.551,1.47676,1.47476,2.3600,2.8300
09.01.2014 00:38:23.985,1.47675,1.47475,1.3300,1.8400
09.01.2014 00:38:25.404,1.47676,1.47476,2.7900,1.9600
09.01.2014 00:38:26.756,1.47675,1.47475,2.4500,2.7500
09.01.2014 00:38:28.125,1.47676,1.47476,2.3200,2.4100
09.01.2014 00:38:29.521,1.47678,1.47478,1.8100,1.8800
09.01.2014 00:38:30.724,1.47675,1.47475,2.6400,1.8200
09.01.2014 00:38:32.357,1.47675,1.47475,2.2700,2.2800
09.01.2014 00:38:33.695,1.47674,1.47474,1.9000,2.9500
09.01.2014 00:38:34.974,1.47675,1.47475,2.2700,2.8400
09.01.2014 00:38:36.396,1.47674,1.47474,1.1500,2.2300
09.01.2014 00:38:37.806,1.47673,1.47473,1.7900,2.7500
09.01.2014 00:38:39.042,1.47670,1.47470,2.2600,1.0000
09.01.2014 00:38:40.364,1.47672,1.47472,1.3200,1.2600
09.01.2014 00:38:41.777,1.47673,1.47473,1.7600,2.7200
09.01.2014 00:38:43.147,1.47674,1.47474,2.3700,1.9400
09.01.2014 00:38:44.631,1.47675,1.47475,1.7200,1.6300
09.01.2014 00:38:46.045,1.47675,1.47475,1.4600,2.0900
09.01.2014 00:38:47.434,1.47674,1.47474,1.9500,2.3700
09.01.2014 00:38:48.863,1.47676,1.47476,1.7000,1.2000
09.01.2014 00:38:50.410,1.47676,1.47476,2.0400,1.6800
09.01.2014 00:38:51.762,1.47677,1.47477,1.7900,2.4000
09.01.2014 00:38:53.083,1.47675,1.47475,1.4900,2.8500
09.01.2014 00:38:54.420,1.47677,1.47477,2.6900,2.9000
09.01.2014 00:38:55.853,1.47676,1.47476,2.8000,2.8200
09.01.2014 00:38:57.213,1.47678,1.47478,2.6000,2.3200
09.01.2014 00:38:58.654,1.47680,1.47480,2.9100,2.6600
09.01.2014 00:39:00.165,1.47678,1.47478,2.3800,1.5700
09.01.2014 00:39:01.656,1.47678,1.47478,1.8000,1.2200
09.01.2014 00:39:03.088,1.47680,1.47480,2.4700,1.6200
09.01.2014 00:39:04.557,1.47678,1.47478,2.2800,1.5800
09.01.2014 00:39:05.978,1.47679,1.47479,1.5200,1.3000
09.01.2014 00:39:07.372,1.47676,1.47476,2.6600,2.1600
09.01.2014 00:39:08.872,1.47680,1.47480,2.0500,1.2600
09.01.2014 00:39:10.381,1.47681,1.47481,1.4100,1.2700
09.01.2014 00:39:11.738,1.47682,1.47482,2.9500,1.2100
09.01.2014 00:39:13.147,1.47682,1.47482,2.6100,1.6300
09.01.2014 00:39:14.561,1.47681,1.47481,2.0600,2.6500
09.01.2014 00:39:15.957,1.47681,1.47481,1.6200,2.1100
09.01.2014 00:39:17.361,1.47682,1.47482,1.8300,1.6300
09.01.2014 00:39:18.785,1.47684,1.47484,2.2400,1.2900
09.01.2014 00:39:20.137,1.47687,1.47487,2.0300,2.3800
09.01.2014 00:39:21.521,1.47689,1.47489,1.5800,2.5400
09.01.2014 00:39:22.829,1.47687,1.47487,1.1000,2.8400
09.01.2014 00:39:24.152,1.47684,1.47484,1.5300,1.1600
09.01.2014 00:39:25.723,1.47684,1.47484,2.8000,2.4700
09.01.2014 00:39:27.157,1.47688,1.47488,2.5200,1.0100
09.01.2014 00:39:28.615,1.47686,1.47486,1.2400,2.3900
09.01.2014 00:39:29.909,1.47689,1.47489,2.5300,1.2200
09.01.2014 00:39:31.350,1.47687,1.47487,1.9900,1.2000
09.01.2014 00:39:32.619,1.47689,1.47489,1.8700,2.8800
09.01.2014 00:39:34.207,1.47691,1.47491,1.1400,2.1200
09.01.2014 00:39:35.600,1.47689,1.47489,2.4000,2.7800
09.01.2014 00:39:36.971,1.47688,1.47488,1.3400,1.9500
09.01.2014 00:39:38.488,1.47687,1.47487,2.4900,1.3900
09.01.2014 00:39:39.820,1.47683,1.47483,1.7700,2.2200
09.01.2014 00:39:41.078,1.47684,1.47484,1.2500,1.8600
09.01.2014 00:39:42.543,1.47686,1.47486,2.6100,2.9100
09.01.2014 00:39:43.929,1.47688,1.47488,1.4100,1.3700
09.01.2014 00:39:45.302,1.47691,1.47491,1.7100,2.8400
09.01.2014 00:39:46.614,1.47691,1.47491,2.2400,2.2300
09.01.2014 00:39:47.940,1.47688,1.47488,2.7400,1.4900
09.01.2014 00:39:49.487,1.47687,1.47487,2.4500,1.4600
09.01.2014 00:39:50.980,1.47690,1.47490,1.7800,1.5700
09.01.2014 00:39:52.296,1.47691,1.47491,2.6600,2.7300
09.01.2014 00:39:53.818,1.47692,1.47492,2.0200,2.4200
09.01.2014 00:39:55.271,1.47690,1.47490,1.4900,1.5100
09.01.2014 00:39:56.743,1.47690,1.47490,2.4900,1.9300
09.01.2014 00:39:58.123,1.47691,1.47491,1.4100,2.0100
09.01.2014 00:39:59.441,1.47691,1.47491,1.0500,2.4100
09.01.2014 00:40:00.788,1.47692,1.47492,2.2500,2.0100
09.01.2014 00:40:02.196,1.47694,1.47494,2.6400,1.5700
09.01.2014 00:40:03.634,1.47692,1.47492,2.4300,1.3200
09.01.2014 00:40:04.954,1.47693,1.47493,1.4100,2.3100
09.01.2014 00:40:06.345,1.47694,1.47494,1.2700,2.0900
09.01.2014 00:40:07.844,1.47696,1.47496,1.5700,1.1500
09.01.2014 00:40:08.987,1.47695,1.47495,1.0200,1.6600
09.01.2014 00:40:10.403,1.47696,1.47496,2.6900,1.8300
09.01.2014 00:40:11.803,1.47695,1.47495,2.8900,2.5100
09.01.2014 00:40:13.065,1.47694,1.47494,2.5300,2.3100
09.01.2014 00:40:14.392,1.47698,1.47498,2.6800,1.2600
09.01.2014 00:40:15.939,1.47700,1.47500,1.1200,1.0600
09.01.2014 00:40:17.279,1.47702,1.47502,2.9400,1.3600
09.01.2014 00:40:18.690,1.47702,1.47502,1.5200,2.4500
09.01.2014 00:40:20.187,1.47704,1.47504,1.8000,2.3800
09.01.2014 00:40:21.579,1.47704,1.47504,2.4400,1.0300
09.01.2014 00:40:22.835,1.47704,1.47504,1.1500,1.2600
09.01.2014 00:40:24.244,1.47700,1.47500,1.7000,2.4800
09.01.2014 00:40:25.528,1.47701,1.47501,2.3000,1.1300
09.01.2014 00:40:26.922,1.47701,1.47501,2.1900,2.7200
09.01.2014 00:40:28.267,1.47703,1.47503,1.3800,1.3600
09.01.2014 00:40:29.662,1.47704,1.47504,2.7700,2.6700
09.01.2014 00:40:31.191,1.47702,1.47502,1.3100,1.8300
09.01.2014 00:40:32.645,1.47699,1.47499,2.2900,2.2500
09.01.2014 00:40:34.018,1.47699,1.47499,1.9500,1.9300
09.01.2014 00:40:35.365,1.47698,1.47498,2.8900,2.2200
09.01.2014 00:40:36.626,1.47696,1.47496,2.1700,2.5400
09.01.2014 00:40:37.946,1.47693,1.47493,2.5500,2.2200
09.01.2014 00:40:39.464,1.47694,1.47494,2.6800,1.4800
09.01.2014 00:40:40.744,1.47691,1.47491,2.2300,1.1400
09.01.2014 00:40:42.012,1.47691,1.47491,1.3300,2.0900
09.01.2014 00:40:43.389,1.47692,1.47492,1.3800,1.7300
09.01.2014 00:40:44.964,1.47695,1.47495,2.6700,2.0700
09.01.2014 00:40:46.425,1.47695,1.47495,2.9400,1.0600
09.01.2014 00:40:47.807,1.47698,1.47498,2.2600,2.3300
09.01.2014 00:40:49.172,1.47699,1.47499,1.7400,2.9000
09.01.2014 00:40:50.467,1.47701,1.47501,2.3500,1.4600
09.01.2014 00:40:51.932,1.47699,1.47499,2.2200,1.1500
09.01.2014 00:40:53.414,1.47699,1.47499,1.3100,2.3200
09.01.2014 00:40:54.748,1.47698,1.47498,2.4600,1.2200
09.01.2014 00:40:56.153,1.47699,1.47499,2.5200,2.7800
09.01.2014 00:40:57.547,1.47697,1.47497,2.5500,2.9200
09.01.2014 00:40:58.979,1.47696,1.47496,1.3300,2.1200
09.01.2014 00:41:00.435,1.47696,1.47496,2.4600,2.3100
09.01.2014 00:41:02.004,1.47696,1.47496,2.1400,1.4700
09.01.2014 00:41:03.287,1.47697,1.47497,2.8400,1.4000
09.01.2014 00:41:04.718,1.47697,1.47497,2.9700,1.4000
09.01.2014 00:41:06.082,1.47699,1.47499,1.3200,2.8600
09.01.2014 00:41:07.358,1.47698,1.47498,1.3300,1.0700
09.01.2014 00:41:08.890,1.47698,1.47498,2.1000,2.2400
09.01.2014 00:41:10.335,1.47700,1.47500,1.9200,2.9000
09.01.2014 00:41:11.925,1.47701,1.47501,2.3700,2.4600
09.01.2014 00:41:13.308,1.47699,1.47499,2.3400,1.9900
09.01.2014 00:41:14.610,1.47702,1.47502,2.4800,1.9600
09.01.2014 00:41:15.915,1.47702,1.47502,1.6800,2.7300
09.01.2014 00:41:17.331,1.47707,1.47507,2.4200,1.0300
09.01.2014 00:41:18.695,1.47705,1.47505,1.2500,1.9500
09.01.2014 00:41:20.062,1.47704,1.47504,2.0400,1.5700
09.01.2014 00:41:21.306,1.47703,1.47503,1.8100,1.0700
09.01.2014 00:41:22.495,1.47706,1.47506,2.1800,1.5600
09.01.2014 00:41:23.797,1.47707,1.47507,2.7700,2.9300
09.01.2014 00:41:25.184,1.47707,1.47507,1.7100,1.9500
09.01.2014 00:41:26.374,1.47707,1.47507,2.5100,2.6300
09.01.2014 00:41:27.807,1.47706,1.47506,1.0900,1.2200
09.01.2014 00:41:29.031,1.47709,1.47509,2.2700,1.5500
09.01.2014 00:41:30.274,1.47712,1.47512,1.4200,1.7900
09.01.2014 00:41:31.699,1.47712,1.47512,1.3800,2.1000
09.01.2014 00:41:33.043,1.47712,1.47512,1.9500,2.7800
09.01.2014 00:41:34.492,1.47714,1.47514,2.0100,2.6100
09.01.2014 00:41:36.047,1.47710,1.47510,2.6300,1.0500
09.01.2014 00:41:37.551,1.47712,1.47512,1.0700,2.7200
09.01.2014 00:41:39.099,1.47716,1.47516,2.1600,2.7700
09.01.2014 00:41:40.593,1.47719,1.47519,1.1500,2.5400
09.01.2014 00:41:41.999,1.47718,1.47518,1.6700,1.7700
09.01.2014 00:41:43.492,1.47718,1.47518,1.8300,1.1900
09.01.2014 00:41:44.716,1.47722,1.47522,2.7600,1.0600
09.01.2014 00:41:46.115,1.47722,1.47522,2.0900,1.3200
09.01.2014 00:41:47.243,1.47722,1.47522,2.6900,2.5900
09.01.2014 00:41:48.741,1.47719,1.47519,2.8000,2.0800
09.01.2014 00:41:50.148,1.47719,1.47519,2.7400,2.4600
09.01.2014 00:41:51.635,1.47719,1.47519,2.2100,2.7200
09.01.2014 00:41:52.932,1.47717,1.47517,2.7700,2.5500
09.01.2014 00:41:54.400,1.47715,1.47515,1.0400,2.8700
09.01.2014 00:41:55.864,1.47713,1.47513,1.2500,2.9900
09.01.2014 00:41:57.312,1.47714,1.47514,1.0300,2.8300
09.01.2014 00:41:58.713,1.47714,1.47514,2.5800,2.2000
09.01.2014 00:42:00.153,1.47714,1.47514,1.9100,1.1800
09.01.2014 00:42:01.379,1.47717,1.47517,2.7000,2.9100
09.01.2014 00:42:02.756,1.47715,1.47515,2.6400,2.7200
09.01.2014 00:42:04.245,1.47713,1.47513,1.6200,2.4600
09.01.2014 00:42:05.817,1.47715,1.47515,1.6000,2.4800
09.01.2014 00:42:07.360,1.47717,1.47517,1.2000,1.5000
09.01.2014 00:42:08.873,1.47717,1.47517,2.7700,2.2500
09.01.2014 00:42:10.309,1.47717,1.47517,1.9700,1.9500
09.01.2014 00:42:11.733,1.47721,1.47521,2.7200,2.9700
09.01.2014 00:42:13.181,1.47722,1.47522,2.3100,1.5400
09.01.2014 00:42:14.550,1.47721,1.47521,1.3200,2.8200
09.01.2014 00:42:16.040,1.47722,1.47522,1.2700,1.0600
09.01.2014 00:42:17.459,1.47722,1.47522,2.8500,2.1600
09.01.2014 00:42:18.797,1.47720,1.47520,2.4800,1.2200
09.01.2014 00:42:20.253,1.47720,1.47520,1.9600,2.8800
09.01.2014 00:42:21.622,1.47717,1.47517,2.0300,2.0800
09.01.2014 00:42:22.964,1.47715,1.47515,2.7500,2.9300
09.01.2014 00:42:24.277,1.47715,1.47515,2.2000,1.0600
09.01.2014 00:42:25.481,1.47714,1.47514,2.5900,1.1700
09.01.2014 00:42:26.919,1.47712,1.47512,1.2600,1.6400
09.01.2014 00:42:28.410,1.47710,1.47510,1.1700,1.0900
09.01.2014 00:42:29.785,1.47709,1.47509,1.4000,2.1200
09.01.2014 00:42:31.222,1.47709,1.47509,1.5600,2.8700
09.01.2014 00:42:32.724,1.47706,1.47506,2.5700,1.2000
09.01.2014 00:42:34.072,1.47708,1.47508,2.1500,2.0900
09.01.2014 00:42:35.495,1.47704,1.47504,1.5200,2.5400
09.01.2014 00:42:36.745,1.47704,1.47504,2.4500,2.9400
09.01.2014 00:42:38.283,1.47703,1.47503,1.6700,1.4200
09.01.2014 00:42:39.774,1.47701,1.47501,1.7500,1.0800
09.01.2014 00:42:41.078,1.47700,1.47500,1.2500,1.3100
09.01.2014 00:42:42.498,1.47699,1.47499,1.6600,2.7500
09.01.2014 00:42:43.781,1.47701,1.47501,2.8500,2.9600
09.01.2014 00:42:45.221,1.47702,1.47502,1.9800,1.2100
09.01.2014 00:42:46.737,1.47702,1.47502,2.6200,2.4100
09.01.2014 00:42:48.319,1.47702,1.47502,1.6100,2.0300
09.01.2014 00:42:49.548,1.47701,1.47501,1.5100,1.7300
09.01.2014 00:42:51.065,1.47698,1.47498,1.8600,1.7100
09.01.2014 00:42:52.406,1.47697,1.47497,1.7800,2.1800
09.01.2014 00:42:53.882,1.47699,1.47499,1.3500,2.5200
09.01.2014 00:42:55.180,1.47701,1.47501,2.1200,1.5500
09.01.2014 00:42:56.504,1.47701,1.47501,2.6800,2.8900
09.01.2014 00:42:57.807,1.47701,1.47501,1.9900,2.7500
09.01.2014 00:42:59.070,1.47702,1.47502,2.9400,1.4900
09.01.2014 00:43:00.495,1.47704,1.47504,2.1500,2.2200
09.01.2014 00:43:01.794,1.47703,1.47503,1.8900,1.5200
09.01.2014 00:43:03.211,1.47702,1.47502,1.9600,2.4000
09.01.2014 00:43:04.552,1.47702,1.47502,1.1800,1.0200
09.01.2014 00:43:05.888,1.47703,1.47503,1.5900,2.1900
09.01.2014 00:43:07.318,1.47704,1.47504,1.5100,2.2400
09.01.2014 00:43:08.779,1.47704,1.47504,2.1800,1.4100
09.01.2014 00:43:10.222,1.47704,1.47504,1.9300,2.3100
