Time,Ask,Bid,AskVolume,BidVolume
24.01.2014 00:00:01.590,1.47360,1.47160,2.1900,2.1000
24.01.2014 00:00:02.850,1.47361,1.47161,1.9000,2.7300
24.01.2014 00:00:04.332,1.47361,1.47161,1.0400,1.8500
24.01.2014 00:00:05.774,1.47360,1.47160,2.6700,2.6100
24.01.2014 00:00:07.244,1.47360,1.47160,2.6100,1.0200
24.01.2014 00:00:08.518,1.47357,1.47157,1.9700,1.1300
24.01.2014 00:00:09.885,1.47359,1.47159,2.8500,1.1400
24.01.2014 00:00:11.291,1.47358,1.47158,2.9900,2.9500
24.01.2014 00:00:12.698,1.47359,1.47159,2.2900,2.2700
24.01.2014 00:00:14.044,1.47358,1.47158,1.8000,2.0400
24.01.2014 00:00:15.411,1.47358,1.47158,1.3400,1.1200
24.01.2014 00:00:16.998,1.47355,1.47155,1.8400,2.2500
24.01.2014 00:00:18.230,1.47356,1.47156,2.3800,1.4200
24.01.2014 00:00:19.777,1.47359,1.47159,1.3400,1.5900
24.01.2014 00:00:21.217,1.47359,1.47159,2.2800,1.5100
24.01.2014 00:00:22.595,1.47359,1.47159,2.5500,2.6200
24.01.2014 00:00:24.011,1.47357,1.47157,1.5500,2.3100
24.01.2014 00:00:25.424,1.47357,1.47157,1.3300,2.9400
24.01.2014 00:00:26.777,1.47359,1.47159,1.0600,1.0200
24.01.2014 00:00:28.108,1.47359,1.47159,1.5900,1.6400
24.01.2014 00:00:29.503,1.47357,1.47157,2.8700,1.5100
24.01.2014 00:00:31.052,1.47359,1.47159,1.9600,1.5500
24.01.2014 00:00:32.419,1.47359,1.47159,2.2500,2.7200
24.01.2014 00:00:33.788,1.47359,1.47159,2.6300,1.6300
24.01.2014 00:00:35.259,1.47360,1.47160,2.8100,1.8100
24.01.2014 00:00:36.627,1.47361,1.47161,1.4500,1.5300
24.01.2014 00:00:37.968,1.47359,1.47159,1.9400,2.4100
24.01.2014 00:00:39.507,1.47356,1.47156,1.2900,1.5300
24.01.2014 00:00:40.876,1.47354,1.47154,1.2300,2.3000
24.01.2014 00:00:42.263,1.47352,1.47152,2.2900,1.1300
24.01.2014 00:00:43.774,1.47356,1.47156,1.8400,1.5900
24.01.2014 00:00:45.248,1.47355,1.47155,1.9900,1.1100
24.01.2014 00:00:46.518,1.47355,1.47155,1.0400,2.7000
24.01.2014 00:00:48.026,1.47356,1.47156,2.4600,1.9900
24.01.2014 00:00:49.465,1.47356,1.47156,1.8100,2.4100
24.01.2014 00:00:50.756,1.47354,1.47154,2.1500,1.1300
24.01.2014 00:00:52.476,1.47353,1.47153,1.3700,2.8800
24.01.2014 00:00:53.927,1.47350,1.47150,1.1400,2.0700
24.01.2014 00:00:55.465,1.47351,1.47151,2.3200,2.5500
24.01.2014 00:00:56.986,1.47353,1.47153,2.8300,1.4500
24.01.2014 00:00:58.467,1.47355,1.47155,2.6700,1.8100
24.01.2014 00:00:59.765,1.47354,1.47154,1.5900,1.7000
24.01.2014 00:01:01.188,1.47354,1.47154,2.3000,2.9200
24.01.2014 00:01:02.628,1.47358,1.47158,2.3200,1.1800
24.01.2014 00:01:04.154,1.47360,1.47160,1.4900,1.9500
24.01.2014 00:01:05.580,1.47362,1.47162,2.5300,1.4000
24.01.2014 00:01:07.019,1.47362,1.47162,2.8500,2.6200
24.01.2014 00:01:08.516,1.47363,1.47163,2.4800,1.2400
24.01.2014 00:01:10.130,1.47364,1.47164,2.3800,2.7100
24.01.2014 00:01:11.645,1.47367,1.47167,1.2800,1.9100
24.01.2014 00:01:13.010,1.47367,1.47167,2.3500,1.4900
24.01.2014 00:01:14.377,1.47367,1.47167,2.3600,2.2400
24.01.2014 00:01:15.870,1.47362,1.47162,2.5900,1.4800
24.01.2014 00:01:17.343,1.47361,1.47161,1.8300,2.9300
24.01.2014 00:01:18.696,1.47361,1.47161,1.7800,2.5000
24.01.2014 00:01:20.144,1.47361,1.47161,2.2400,1.3500
24.01.2014 00:01:21.762,1.47361,1.47161,2.5500,1.1000
24.01.2014 00:01:23.139,1.47361,1.47161,2.8400,1.9100
24.01.2014 00:01:24.498,1.47363,1.47163,2.1600,1.0200
24.01.2014 00:01:25.785,1.47359,1.47159,2.8800,2.0700
24.01.2014 00:01:27.200,1.47358,1.47158,1.9000,1.8300
24.01.2014 00:01:28.619,1.47362,1.47162,1.7800,2.8700
24.01.2014 00:01:29.866,1.47363,1.47163,1.6900,1.1800
24.01.2014 00:01:31.440,1.47366,1.47166,2.9300,2.8900
24.01.2014 00:01:32.657,1.47367,1.47167,2.9500,2.7500
24.01.2014 00:01:34.156,1.47366,1.47166,2.8700,2.1600
24.01.2014 00:01:35.542,1.47367,1.47167,1.2100,1.4600
24.01.2014 00:01:36.890,1.47365,1.47165,2.2100,1.9600
24.01.2014 00:01:38.488,1.47365,1.47165,1.9500,1.8800
24.01.2014 00:01:39.865,1.47367,1.47167,2.3000,2.2200
24.01.2014 00:01:41.176,1.47365,1.47165,2.7100,1.4300
24.01.2014 00:01:42.572,1.47364,1.47164,2.7600,2.9100
24.01.2014 00:01:43.968,1.47365,1.47165,2.5800,1.6600
24.01.2014 00:01:45.492,1.47363,1.47163,2.8800,1.4500
24.01.2014 00:01:46.982,1.47363,1.47163,1.0100,2.8800
24.01.2014 00:01:48.445,1.47364,1.47164,1.0200,2.5400
24.01.2014 00:01:49.827,1.47368,1.47168,2.0700,2.6600
24.01.2014 00:01:51.284,1.47364,1.47164,1.6300,1.4900
24.01.2014 00:01:52.595,1.47365,1.47165,2.6100,1.9800
24.01.2014 00:01:53.938,1.47365,1.47165,2.9500,1.7300
24.01.2014 00:01:55.325,1.47363,1.47163,1.4600,1.3500
24.01.2014 00:01:56.625,1.47367,1.47167,2.7900,1.6400
24.01.2014 00:01:58.211,1.47364,1.47164,1.8900,2.3600
24.01.2014 00:01:59.764,1.47364,1.47164,1.7800,1.5400
24.01.2014 00:02:01.090,1.47365,1.47165,1.8600,1.7700
24.01.2014 00:02:02.437,1.47363,1.47163,2.2300,1.4600
24.01.2014 00:02:03.928,1.47362,1.47162,2.7500,1.4000
24.01.2014 00:02:05.255,1.47362,1.47162,1.2100,2.6900
24.01.2014 00:02:06.606,1.47360,1.47160,1.6000,2.8100
24.01.2014 00:02:07.998,1.47361,1.47161,1.9400,1.5400
24.01.2014 00:02:09.319,1.47363,1.47163,3.0000,2.6400
24.01.2014 00:02:10.768,1.47362,1.47162,2.8300,2.9000
24.01.2014 00:02:12.111,1.47363,1.47163,2.2000,1.3800
24.01.2014 00:02:13.492,1.47365,1.47165,1.6200,1.9700
24.01.2014 00:02:14.740,1.47364,1.47164,2.9000,1.4200
24.01.2014 00:02:16.240,1.47365,1.47165,2.8700,2.7500
24.01.2014 00:02:17.601,1.47364,1.47164,1.1600,2.9800
24.01.2014 00:02:18.943,1.47365,1.47165,2.4300,2.5400
24.01.2014 00:02:20.307,1.47368,1.47168,2.3000,2.5700
24.01.2014 00:02:21.814,1.47369,1.47169,1.5000,2.5200
24.01.2014 00:02:23.094,1.47370,1.47170,1.1400,1.6600
24.01.2014 00:02:24.437,1.47370,1.47170,1.3800,1.9800
24.01.2014 00:02:25.765,1.47370,1.47170,3.0000,1.0200
24.01.2014 00:02:27.138,1.47370,1.47170,1.1500,2.1200
24.01.2014 00:02:28.606,1.47369,1.47169,1.6900,1.6400
24.01.2014 00:02:30.097,1.47372,1.47172,1.3400,2.2500
24.01.2014 00:02:31.457,1.47373,1.47173,1.5300,1.5900
24.01.2014 00:02:32.926,1.47376,1.47176,1.4200,2.1100
24.01.2014 00:02:34.296,1.47378,1.47178,1.9200,1.9400
24.01.2014 00:02:35.808,1.47378,1.47178,1.6700,2.7600
24.01.2014 00:02:37.293,1.47379,1.47179,1.8200,1.8800
24.01.2014 00:02:38.600,1.47381,1.47181,1.5500,2.7400
24.01.2014 00:02:40.026,1.47381,1.47181,2.3700,1.2600
24.01.2014 00:02:41.360,1.47381,1.47181,1.7000,1.7300
24.01.2014 00:02:42.718,1.47383,1.47183,1.8700,2.5100
24.01.2014 00:02:44.213,1.47382,1.47182,2.9100,1.8800
24.01.2014 00:02:45.514,1.47382,1.47182,3.0000,1.6900
24.01.2014 00:02:46.861,1.47382,1.47182,2.0200,1.2700
24.01.2014 00:02:48.179,1.47381,1.47181,1.3800,1.6000
24.01.2014 00:02:49.450,1.47381,1.47181,1.2000,1.5600
24.01.2014 00:02:50.800,1.47381,1.47181,1.6800,1.7200
24.01.2014 00:02:52.165,1.47382,1.47182,2.9700,2.8900
24.01.2014 00:02:53.590,1.47376,1.47176,2.6800,2.4900
24.01.2014 00:02:54.975,1.47373,1.47173,1.9200,1.6200
24.01.2014 00:02:56.389,1.47374,1.47174,1.8700,1.7900
24.01.2014 00:02:57.772,1.47374,1.47174,1.2400,2.2700
24.01.2014 00:02:59.031,1.47373,1.47173,1.6200,2.7600
24.01.2014 00:03:00.537,1.47378,1.47178,2.9100,1.2000
24.01.2014 00:03:02.022,1.47377,1.47177,2.6900,1.1300
24.01.2014 00:03:03.277,1.47379,1.47179,1.8900,1.8400
24.01.2014 00:03:04.551,1.47381,1.47181,2.6100,2.5600
24.01.2014 00:03:06.036,1.47381,1.47181,2.5600,1.2400
24.01.2014 00:03:07.472,1.47380,1.47180,2.6900,1.0600
24.01.2014 00:03:09.009,1.47384,1.47184,1.5800,1.8100
24.01.2014 00:03:10.292,1.47384,1.47184,2.0600,2.7400
24.01.2014 00:03:11.548,1.47386,1.47186,2.7500,2.5500
24.01.2014 00:03:13.051,1.47384,1.47184,2.4200,1.0200
24.01.2014 00:03:14.494,1.47385,1.47185,2.2000,2.8000
24.01.2014 00:03:15.724,1.47385,1.47185,2.3700,1.6900
24.01.2014 00:03:17.097,1.47388,1.47188,2.2600,2.2800
24.01.2014 00:03:18.593,1.47389,1.47189,1.3600,2.1400
24.01.2014 00:03:19.951,1.47389,1.47189,2.9300,1.0100
24.01.2014 00:03:21.335,1.47384,1.47184,2.7300,1.2500
24.01.2014 00:03:22.785,1.47383,1.47183,2.7600,1.4100
24.01.2014 00:03:24.178,1.47381,1.47181,1.8000,2.8900
24.01.2014 00:03:25.586,1.47382,1.47182,2.2900,1.5000
24.01.2014 00:03:26.942,1.47381,1.47181,1.2700,2.6500
24.01.2014 00:03:28.269,1.47380,1.47180,1.9200,2.1800
24.01.2014 00:03:29.646,1.47378,1.47178,2.5300,1.1100
24.01.2014 00:03:31.153,1.47379,1.47179,2.5400,2.0500
24.01.2014 00:03:32.477,1.47380,1.47180,2.3800,1.4800
24.01.2014 00:03:33.865,1.47381,1.47181,2.9300,2.4100
24.01.2014 00:03:35.316,1.47380,1.47180,1.7500,2.3200
24.01.2014 00:03:36.768,1.47379,1.47179,2.0600,1.2600
24.01.2014 00:03:38.138,1.47379,1.47179,1.5800,2.6800
24.01.2014 00:03:39.504,1.47381,1.47181,2.4600,2.5400
24.01.2014 00:03:40.780,1.47381,1.47181,2.8600,1.5400
24.01.2014 00:03:42.046,1.47383,1.47183,1.8100,1.5300
24.01.2014 00:03:43.452,1.47384,1.47184,2.6000,1.3400
24.01.2014 00:03:44.740,1.47383,1.47183,2.4900,2.3400
24.01.2014 00:03:46.023,1.47386,1.47186,1.1500,2.3500
24.01.2014 00:03:47.248,1.47384,1.47184,1.8000,2.1100
24.01.2014 00:03:48.601,1.47384,1.47184,1.2700,2.8700
24.01.2014 00:03:50.002,1.47382,1.47182,2.5400,2.3500
24.01.2014 00:03:51.563,1.47381,1.47181,1.4700,2.0400
24.01.2014 00:03:52.922,1.47380,1.47180,2.3400,1.6700
24.01.2014 00:03:54.293,1.47379,1.47179,1.8800,2.8600
24.01.2014 00:03:55.774,1.47379,1.47179,2.2300,2.5200
24.01.2014 00:03:57.200,1.47378,1.47178,1.6800,2.1000
24.01.2014 00:03:58.698,1.47378,1.47178,2.3100,1.2100
24.01.2014 00:04:00.071,1.47380,1.47180,1.7900,1.6600
24.01.2014 00:04:01.374,1.47381,1.47181,1.1400,1.7100
24.01.2014 00:04:02.973,1.47380,1.47180,2.7800,2.8200
24.01.2014 00:04:04.347,1.47379,1.47179,1.8500,1.5200
24.01.2014 00:04:05.651,1.47380,1.47180,1.1700,1.0900
24.01.2014 00:04:07.140,1.47381,1.47181,1.7900,2.1000
24.01.2014 00:04:08.658,1.47383,1.47183,2.4600,1.8700
24.01.2014 00:04:10.097,1.47380,1.47180,1.0100,2.2400
24.01.2014 00:04:11.419,1.47381,1.47181,2.1900,2.2900
24.01.2014 00:04:12.906,1.47380,1.47180,1.9100,1.7100
24.01.2014 00:04:14.237,1.47381,1.47181,1.3300,1.7500
24.01.2014 00:04:15.596,1.47379,1.47179,1.6700,1.6200
24.01.2014 00:04:17.073,1.47378,1.47178,2.9200,2.1300
24.01.2014 00:04:18.549,1.47379,1.47179,1.8000,1.9000
24.01.2014 00:04:19.820,1.47377,1.47177,1.8200,2.8900
24.01.2014 00:04:21.324,1.47374,1.47174,2.1100,2.7400
24.01.2014 00:04:22.643,1.47373,1.47173,2.0100,2.7800
24.01.2014 00:04:24.164,1.47373,1.47173,2.8100,1.2300
24.01.2014 00:04:25.442,1.47375,1.47175,2.2500,1.3500
24.01.2014 00:04:26.830,1.47374,1.47174,2.9200,1.2700
24.01.2014 00:04:28.144,1.47371,1.47171,2.6700,2.9600
24.01.2014 00:04:29.529,1.47372,1.47172,2.7800,2.4200
24.01.2014 00:04:31.024,1.47372,1.47172,1.9500,1.6000
24.01.2014 00:04:32.498,1.47372,1.47172,2.9500,1.2200
24.01.2014 00:04:33.993,1.47371,1.47171,1.1100,1.7200
24.01.2014 00:04:35.436,1.47371,1.47171,1.7400,2.6600
24.01.2014 00:04:36.697,1.47370,1.47170,2.7500,1.9500
24.01.2014 00:04:38.007,1.47370,1.47170,1.4200,1.3000
24.01.2014 00:04:39.398,1.47371,1.47171,2.6600,2.1800
24.01.2014 00:04:40.933,1.47372,1.47172,2.0400,2.4500
24.01.2014 00:04:42.417,1.47372,1.47172,1.6300,1.9300
24.01.2014 00:04:43.705,1.47372,1.47172,1.9900,2.5800
24.01.2014 00:04:45.091,1.47374,1.47174,2.4100,1.2500
24.01.2014 00:04:46.420,1.47371,1.47171,1.9800,2.9200
24.01.2014 00:04:47.680,1.47371,1.47171,1.7400,1.5700
24.01.2014 00:04:49.059,1.47374,1.47174,1.9800,1.6600
24.01.2014 00:04:50.407,1.47372,1.47172,1.5400,2.9600
24.01.2014 00:04:51.868,1.47371,1.47171,1.9800,1.5800
24.01.2014 00:04:53.186,1.47372,1.47172,1.3900,2.4500
24.01.2014 00:04:54.552,1.47372,1.47172,2.6200,1.4300
24.01.2014 00:04:55.850,1.47372,1.47172,2.6800,2.5800
24.01.2014 00:04:57.274,1.47372,1.47172,1.0400,2.1000
24.01.2014 00:04:58.696,1.47371,1.47171,1.0800,2.4600
24.01.2014 00:05:00.138,1.47370,1.47170,2.4400,1.4500
24.01.2014 00:05:01.507,1.47371,1.47171,2.0400,2.2600
24.01.2014 00:05:02.900,1.47373,1.47173,1.6100,1.9400
24.01.2014 00:05:04.318,1.47372,1.47172,1.2200,2.9500
24.01.2014 00:05:05.672,1.47374,1.47174,2.2300,1.7400
24.01.2014 00:05:06.927,1.47377,1.47177,2.3100,1.2600
24.01.2014 00:05:08.399,1.47378,1.47178,1.0800,2.2300
24.01.2014 00:05:09.678,1.47381,1.47181,1.1500,2.5500
24.01.2014 00:05:11.229,1.47380,1.47180,1.9500,1.3400
24.01.2014 00:05:12.535,1.47380,1.47180,2.7800,1.1200
24.01.2014 00:05:13.973,1.47379,1.47179,1.8500,1.4800
24.01.2014 00:05:15.418,1.47379,1.47179,1.6400,1.2000
24.01.2014 00:05:16.800,1.47379,1.47179,2.5500,1.0800
24.01.2014 00:05:18.340,1.47382,1.47182,1.7000,2.6900
24.01.2014 00:05:19.807,1.47383,1.47183,2.4200,1.2600
24.01.2014 00:05:21.392,1.47380,1.47180,2.7100,1.2900
24.01.2014 00:05:22.921,1.47381,1.47181,1.2900,1.2000
24.01.2014 00:05:24.322,1.47379,1.47179,2.6400,1.8800
24.01.2014 00:05:25.716,1.47378,1.47178,1.8800,2.4500
24.01.2014 00:05:27.181,1.47379,1.47179,1.1100,1.8200
24.01.2014 00:05:28.471,1.47381,1.47181,2.6400,2.0200
24.01.2014 00:05:29.809,1.47382,1.47182,2.9000,1.1100
24.01.2014 00:05:31.242,1.47382,1.47182,2.5300,2.9600
24.01.2014 00:05:32.621,1.47379,1.47179,2.5800,1.1400
24.01.2014 00:05:33.960,1.47382,1.47182,1.4300,1.0900
24.01.2014 00:05:35.350,1.47381,1.47181,1.8800,1.9500
24.01.2014 00:05:36.639,1.47381,1.47181,2.3500,2.9400
24.01.2014 00:05:38.008,1.47382,1.47182,2.1600,1.3000
24.01.2014 00:05:39.388,1.47383,1.47183,2.6300,1.2100
24.01.2014 00:05:40.615,1.47384,1.47184,2.2600,1.6400
24.01.2014 00:05:41.889,1.47384,1.47184,2.9700,1.3900
24.01.2014 00:05:43.433,1.47383,1.47183,2.6700,1.6700
24.01.2014 00:05:44.714,1.47383,1.47183,1.9600,1.1600
24.01.2014 00:05:45.984,1.47382,1.47182,1.4600,1.3400
24.01.2014 00:05:47.420,1.47383,1.47183,2.3200,2.8100
24.01.2014 00:05:48.912,1.47384,1.47184,1.2000,1.3800
24.01.2014 00:05:50.329,1.47383,1.47183,1.7700,1.3300
24.01.2014 00:05:51.803,1.47381,1.47181,2.5000,1.4900
24.01.2014 00:05:53.188,1.47382,1.47182,2.3000,1.5200
24.01.2014 00:05:54.518,1.47384,1.47184,1.5800,1.0600
24.01.2014 00:05:56.006,1.47382,1.47182,1.2300,2.5700
24.01.2014 00:05:57.420,1.47383,1.47183,2.0200,1.7400
24.01.2014 00:05:58.829,1.47383,1.47183,1.1700,2.5700
24.01.2014 00:06:00.132,1.47381,1.47181,2.3100,1.6500
24.01.2014 00:06:01.561,1.47382,1.47182,2.2600,1.3800
24.01.2014 00:06:03.052,1.47380,1.47180,1.4600,1.0800
24.01.2014 00:06:04.595,1.47377,1.47177,2.8000,2.3800
24.01.2014 00:06:05.879,1.47377,1.47177,2.1700,1.2700
24.01.2014 00:06:07.217,1.47376,1.47176,2.0200,2.0600
24.01.2014 00:06:08.464,1.47379,1.47179,2.8600,2.8500
24.01.2014 00:06:10.036,1.47377,1.47177,2.9700,1.7700
24.01.2014 00:06:11.433,1.47376,1.47176,2.6100,1.6000
24.01.2014 00:06:12.872,1.47373,1.47173,2.3200,1.0500
24.01.2014 00:06:14.359,1.47372,1.47172,2.1200,1.7700
24.01.2014 00:06:15.681,1.47372,1.47172,1.0800,2.9500
24.01.2014 00:06:17.076,1.47374,1.47174,2.3500,2.6000
24.01.2014 00:06:18.573,1.47377,1.47177,2.4800,2.9200
24.01.2014 00:06:19.997,1.47379,1.47179,1.6000,1.2500
24.01.2014 00:06:21.424,1.47379,1.47179,2.8000,2.7800
24.01.2014 00:06:22.777,1.47379,1.47179,2.6000,2.4300
24.01.2014 00:06:24.075,1.47379,1.47179,1.6200,1.0300
24.01.2014 00:06:25.397,1.47380,1.47180,1.5700,1.9100
24.01.2014 00:06:26.955,1.47382,1.47182,2.7000,1.4000
24.01.2014 00:06:28.289,1.47382,1.47182,2.4100,1.2200
24.01.2014 00:06:29.503,1.47383,1.47183,2.5200,2.7300
24.01.2014 00:06:30.922,1.47380,1.47180,2.4400,2.7200
24.01.2014 00:06:32.293,1.47378,1.47178,1.7800,1.7200
24.01.2014 00:06:33.773,1.47380,1.47180,2.3600,2.6600
24.01.2014 00:06:34.986,1.47383,1.47183,2.5700,2.5300
24.01.2014 00:06:36.420,1.47384,1.47184,1.8000,2.6400
24.01.2014 00:06:37.778,1.47383,1.47183,1.2500,1.6300
24.01.2014 00:06:39.217,1.47383,1.47183,1.9700,1.5000
24.01.2014 00:06:40.719,1.47384,1.47184,2.7700,2.6600
24.01.2014 00:06:41.978,1.47383,1.47183,2.6100,1.0700
24.01.2014 00:06:43.488,1.47385,1.47185,1.2700,2.8700
24.01.2014 00:06:44.729,1.47387,1.47187,1.3300,1.2300
24.01.2014 00:06:46.101,1.47387,1.47187,2.5000,1.3500
24.01.2014 00:06:47.635,1.47386,1.47186,2.5800,1.7700
24.01.2014 00:06:49.169,1.47385,1.47185,2.9500,1.9900
24.01.2014 00:06:50.643,1.47385,1.47185,2.1600,1.2800
24.01.2014 00:06:52.246,1.47384,1.47184,1.6900,1.8100
24.01.2014 00:06:53.783,1.47386,1.47186,2.9900,2.4900
24.01.2014 00:06:55.091,1.47386,1.47186,1.4500,2.6200
24.01.2014 00:06:56.508,1.47386,1.47186,1.4400,2.2900
24.01.2014 00:06:58.002,1.47386,1.47186,2.4400,1.7700
24.01.2014 00:06:59.506,1.47383,1.47183,1.8500,1.6000
24.01.2014 00:07:00.922,1.47382,1.47182,1.7600,2.4700
24.01.2014 00:07:02.317,1.47385,1.47185,2.2200,2.0400
24.01.2014 00:07:03.677,1.47384,1.47184,1.7000,2.5600
24.01.2014 00:07:04.865,1.47384,1.47184,2.9300,1.0600
24.01.2014 00:07:05.997,1.47384,1.47184,1.6900,1.2700
24.01.2014 00:07:07.492,1.47382,1.47182,1.1300,2.1200
24.01.2014 00:07:08.945,1.47381,1.47181,2.2900,1.6100
24.01.2014 00:07:10.392,1.47381,1.47181,2.1100,1.5200
24.01.2014 00:07:11.957,1.47382,1.47182,2.5900,2.9900
24.01.2014 00:07:13.197,1.47385,1.47185,1.7000,2.4600
24.01.2014 00:07:14.510,1.47388,1.47188,2.6000,2.3200
24.01.2014 00:07:15.826,1.47386,1.47186,1.4600,2.8800
24.01.2014 00:07:17.083,1.47387,1.47187,2.5800,2.8300
24.01.2014 00:07:18.504,1.47386,1.47186,2.2300,1.0300
24.01.2014 00:07:19.955,1.47386,1.47186,2.1100,2.1100
24.01.2014 00:07:21.289,1.47386,1.47186,1.1400,2.9400
24.01.2014 00:07:22.715,1.47385,1.47185,2.2700,1.4300
24.01.2014 00:07:24.224,1.47386,1.47186,1.2700,1.8900
24.01.2014 00:07:25.698,1.47388,1.47188,1.7100,2.7800
24.01.2014 00:07:27.187,1.47390,1.47190,1.8300,1.4500
24.01.2014 00:07:28.565,1.47391,1.47191,2.4800,2.6500
24.01.2014 00:07:30.044,1.47389,1.47189,1.9400,2.4400
24.01.2014 00:07:31.387,1.47387,1.47187,2.1400,1.5200
24.01.2014 00:07:32.799,1.47385,1.47185,2.6700,1.7500
24.01.2014 00:07:34.043,1.47387,1.47187,1.8900,2.9500
24.01.2014 00:07:35.447,1.47386,1.47186,2.1300,2.9100
24.01.2014 00:07:36.824,1.47384,1.47184,2.7100,2.8000
24.01.2014 00:07:38.278,1.47383,1.47183,1.9100,2.7900
24.01.2014 00:07:39.625,1.47382,1.47182,1.2200,1.3200
24.01.2014 00:07:41.205,1.47385,1.47185,1.3500,2.1800
24.01.2014 00:07:42.612,1.47383,1.47183,1.6000,2.5800
24.01.2014 00:07:43.946,1.47384,1.47184,2.1200,1.1700
24.01.2014 00:07:45.456,1.47382,1.47182,2.6200,2.0600
24.01.2014 00:07:46.775,1.47382,1.47182,2.0400,2.4400
24.01.2014 00:07:48.193,1.47384,1.47184,2.6400,1.0800
24.01.2014 00:07:49.574,1.47383,1.47183,1.2200,1.8300
24.01.2014 00:07:50.869,1.47383,1.47183,2.9700,2.4900
24.01.2014 00:07:52.287,1.47385,1.47185,1.5100,2.9600
24.01.2014 00:07:53.558,1.47387,1.47187,2.2200,2.8900
24.01.2014 00:07:54.942,1.47385,1.47185,1.5300,1.1100
24.01.2014 00:07:56.300,1.47387,1.47187,2.2700,1.6400
24.01.2014 00:07:57.621,1.47388,1.47188,1.2900,2.2400
24.01.2014 00:07:58.962,1.47389,1.47189,1.9800,2.4000
24.01.2014 00:08:00.504,1.47386,1.47186,2.2100,2.8100
24.01.2014 00:08:01.642,1.47388,1.47188,1.9000,1.0900
24.01.2014 00:08:02.946,1.47392,1.47192,1.7600,1.8000
24.01.2014 00:08:04.235,1.47392,1.47192,1.0100,1.9700
24.01.2014 00:08:05.574,1.47395,1.47195,1.3900,2.3100
24.01.2014 00:08:06.974,1.47396,1.47196,2.2300,2.2900
24.01.2014 00:08:08.212,1.47397,1.47197,2.1500,1.1300
24.01.2014 00:08:09.611,1.47396,1.47196,2.4100,2.1600
24.01.2014 00:08:10.955,1.47396,1.47196,1.4700,1.5200
24.01.2014 00:08:12.299,1.47396,1.47196,1.2100,1.3200
24.01.2014 00:08:13.642,1.47394,1.47194,2.8200,1.1600
24.01.2014 00:08:14.993,1.47395,1.47195,1.9000,2.7700
24.01.2014 00:08:16.441,1.47392,1.47192,1.2300,2.0800
24.01.2014 00:08:17.754,1.47392,1.47192,2.3100,2.8800
24.01.2014 00:08:19.195,1.47391,1.47191,1.0100,2.7900
24.01.2014 00:08:20.849,1.47386,1.47186,1.8300,2.8900
24.01.2014 00:08:22.151,1.47384,1.47184,1.6500,2.1400
24.01.2014 00:08:23.365,1.47384,1.47184,1.0700,2.4900
24.01.2014 00:08:24.711,1.47386,1.47186,2.5400,1.1900
24.01.2014 00:08:26.060,1.47385,1.47185,2.3600,2.3600
24.01.2014 00:08:27.452,1.47385,1.47185,2.4400,2.8100
24.01.2014 00:08:28.891,1.47387,1.47187,2.8000,1.6200
24.01.2014 00:08:30.294,1.47388,1.47188,2.8800,2.2200
24.01.2014 00:08:31.733,1.47384,1.47184,2.1700,1.8700
24.01.2014 00:08:33.181,1.47385,1.47185,2.8800,1.3100
24.01.2014 00:08:34.647,1.47386,1.47186,1.8900,2.1200
24.01.2014 00:08:35.968,1.47383,1.47183,1.1300,2.9700
24.01.2014 00:08:37.187,1.47381,1.47181,1.5500,1.2100
24.01.2014 00:08:38.465,1.47382,1.47182,2.8000,2.7400
24.01.2014 00:08:39.707,1.47384,1.47184,2.8900,1.0400
24.01.2014 00:08:41.178,1.47388,1.47188,1.0500,1.2700
24.01.2014 00:08:42.503,1.47388,1.47188,1.3400,1.9100
24.01.2014 00:08:43.804,1.47390,1.47190,2.4300,2.0800
24.01.2014 00:08:45.237,1.47388,1.47188,2.8800,2.0200
24.01.2014 00:08:46.628,1.47390,1.47190,2.7200,2.2000
24.01.2014 00:08:48.062,1.47390,1.47190,1.2900,1.0600
24.01.2014 00:08:49.362,1.47387,1.47187,2.8000,2.0800
24.01.2014 00:08:50.860,1.47390,1.47190,1.0200,1.0800
24.01.2014 00:08:52.182,1.47389,1.47189,2.8200,1.7900
24.01.2014 00:08:53.639,1.47389,1.47189,1.5100,1.0700
24.01.2014 00:08:55.013,1.47391,1.47191,1.5400,2.8000
24.01.2014 00:08:56.400,1.47391,1.47191,2.3800,2.3100
24.01.2014 00:08:57.968,1.47392,1.47192,1.2300,2.3200
24.01.2014 00:08:59.324,1.47393,1.47193,1.0800,2.5400
24.01.2014 00:09:00.762,1.47391,1.47191,2.8300,2.7300
24.01.2014 00:09:02.040,1.47392,1.47192,2.8600,1.4900
24.01.2014 00:09:03.377,1.47391,1.47191,1.7400,2.9900
24.01.2014 00:09:04.764,1.47389,1.47189,2.0400,1.9800
24.01.2014 00:09:06.145,1.47387,1.47187,1.8500,2.2600
24.01.2014 00:09:07.513,1.47387,1.47187,1.7300,2.5400
24.01.2014 00:09:08.982,1.47387,1.47187,2.3900,2.3700
24.01.2014 00:09:10.414,1.47387,1.47187,1.4200,2.4500
24.01.2014 00:09:11.952,1.47386,1.47186,1.9300,1.5400
24.01.2014 00:09:13.478,1.47387,1.47187,1.7500,1.4400
24.01.2014 00:09:14.925,1.47388,1.47188,1.9300,2.4800
24.01.2014 00:09:16.304,1.47390,1.47190,2.2600,2.0700
24.01.2014 00:09:17.628,1.47390,1.47190,1.3000,1.4600
24.01.2014 00:09:19.023,1.47389,1.47189,2.2300,1.8100
24.01.2014 00:09:20.408,1.47390,1.47190,2.6800,2.1800
24.01.2014 00:09:21.773,1.47390,1.47190,2.1300,1.9100
24.01.2014 00:09:23.147,1.47391,1.47191,1.0900,2.4800
24.01.2014 00:09:24.619,1.47391,1.47191,2.4300,2.1000
24.01.2014 00:09:25.996,1.47389,1.47189,1.2900,1.5700
24.01.2014 00:09:27.374,1.47392,1.47192,1.3900,2.6900
24.01.2014 00:09:28.823,1.47395,1.47195,1.8000,1.6400
24.01.2014 00:09:30.395,1.47398,1.47198,2.0400,2.0900
24.01.2014 00:09:31.790,1.47402,1.47202,2.5800,1.0900
24.01.2014 00:09:33.270,1.47404,1.47204,1.3900,1.0900
24.01.2014 00:09:34.619,1.47404,1.47204,1.5800,1.2000
24.01.2014 00:09:35.910,1.47405,1.47205,1.0200,1.0400
24.01.2014 00:09:37.274,1.47406,1.47206,1.2600,1.0500
24.01.2014 00:09:38.595,1.47406,1.47206,1.8900,1.4700
24.01.2014 00:09:39.893,1.47407,1.47207,2.7800,1.2100
24.01.2014 00:09:41.418,1.47409,1.47209,2.5000,1.5800
24.01.2014 00:09:42.833,1.47409,1.47209,2.2300,1.6500
24.01.2014 00:09:44.274,1.47408,1.47208,2.4600,1.3000
24.01.2014 00:09:45.788,1.47408,1.47208,1.4400,2.8600
24.01.2014 00:09:47.121,1.47407,1.47207,1.8300,1.5200
24.01.2014 00:09:48.480,1.47408,1.47208,1.6800,1.7900
24.01.2014 00:09:49.869,1.47409,1.47209,2.1900,1.4200
24.01.2014 00:09:51.246,1.47407,1.47207,2.6000,2.6600
24.01.2014 00:09:52.606,1.47405,1.47205,2.5900,1.9900
24.01.2014 00:09:54.041,1.47409,1.47209,2.7900,1.5700
24.01.2014 00:09:55.552,1.47408,1.47208,2.5000,2.6200
24.01.2014 00:09:57.108,1.47409,1.47209,1.2200,1.1500
24.01.2014 00:09:58.512,1.47411,1.47211,1.0200,2.4400
24.01.2014 00:10:00.134,1.47411,1.47211,2.9600,1.0200
24.01.2014 00:10:01.555,1.47412,1.47212,1.2700,2.4200
24.01.2014 00:10:03.036,1.47411,1.47211,2.2700,1.8700
24.01.2014 00:10:04.352,1.47411,1.47211,2.8400,1.2700
24.01.2014 00:10:05.774,1.47412,1.47212,2.8900,1.7300
24.01.2014 00:10:07.196,1.47412,1.47212,1.2300,2.8500
24.01.2014 00:10:08.585,1.47411,1.47211,1.0100,1.4800
24.01.2014 00:10:10.038,1.47411,1.47211,1.8200,2.7300
24.01.2014 00:10:11.397,1.47410,1.47210,2.8600,2.5300
24.01.2014 00:10:12.818,1.47410,1.47210,1.8100,2.7300
24.01.2014 00:10:14.214,1.47411,1.47211,2.6600,1.7100
24.01.2014 00:10:15.754,1.47413,1.47213,1.3900,2.0600
24.01.2014 00:10:17.299,1.47418,1.47218,2.2700,1.0600
24.01.2014 00:10:18.771,1.47421,1.47221,2.5700,2.5000
24.01.2014 00:10:20.252,1.47421,1.47221,1.9300,2.2900
24.01.2014 00:10:21.745,1.47423,1.47223,1.2900,2.3400
24.01.2014 00:10:22.960,1.47422,1.47222,2.4700,2.1900
24.01.2014 00:10:24.417,1.47421,1.47221,2.8600,1.3000
24.01.2014 00:10:25.754,1.47418,1.47218,2.6400,1.1300
24.01.2014 00:10:27.186,1.47418,1.47218,2.9400,1.3000
24.01.2014 00:10:28.660,1.47417,1.47217,1.0800,2.1900
24.01.2014 00:10:30.169,1.47418,1.47218,1.5400,2.6500
24.01.2014 00:10:31.474,1.47419,1.47219,2.0800,2.6400
24.01.2014 00:10:32.878,1.47419,1.47219,2.0400,2.1200
24.01.2014 00:10:34.312,1.47418,1.47218,2.4900,1.9400
24.01.2014 00:10:35.650,1.47418,1.47218,1.0100,1.2700
24.01.2014 00:10:37.091,1.47419,1.47219,2.5300,1.1100
24.01.2014 00:10:38.503,1.47419,1.47219,2.6100,1.1400
24.01.2014 00:10:39.804,1.47420,1.47220,2.0400,2.6400
24.01.2014 00:10:41.240,1.47422,1.47222,1.4300,1.5100
24.01.2014 00:10:42.660,1.47420,1.47220,2.3300,2.5400
24.01.2014 00:10:44.229,1.47419,1.47219,1.7700,2.7300
24.01.2014 00:10:45.585,1.47418,1.47218,2.0600,2.5700
24.01.2014 00:10:47.041,1.47414,1.47214,2.7900,1.2800
24.01.2014 00:10:48.545,1.47415,1.47215,1.1600,2.6100
24.01.2014 00:10:49.870,1.47416,1.47216,1.7900,2.8800
24.01.2014 00:10:51.222,1.47419,1.47219,2.1900,1.6000
24.01.2014 00:10:52.651,1.47418,1.47218,1.6000,2.8000
24.01.2014 00:10:53.971,1.47418,1.47218,2.9000,2.5100
24.01.2014 00:10:55.401,1.47419,1.47219,2.8400,1.5800
24.01.2014 00:10:57.023,1.47419,1.47219,2.8900,1.0800
24.01.2014 00:10:58.530,1.47416,1.47216,1.4800,2.3300
24.01.2014 00:11:00.122,1.47419,1.47219,1.1600,1.7700
24.01.2014 00:11:01.409,1.47418,1.47218,1.7400,2.6100
24.01.2014 00:11:02.894,1.47418,1.47218,1.1400,1.3400
24.01.2014 00:11:04.383,1.47415,1.47215,2.5100,1.4600
24.01.2014 00:11:05.839,1.47417,1.47217,2.0800,1.8500
24.01.2014 00:11:07.204,1.47416,1.47216,1.3000,2.9000
24.01.2014 00:11:08.729,1.47415,1.47215,1.5700,1.2000
24.01.2014 00:11:10.299,1.47414,1.47214,1.7000,2.9900
24.01.2014 00:11:11.720,1.47414,1.47214,2.2600,1.3700
24.01.2014 00:11:13.260,1.47414,1.47214,1.4000,1.8000
24.01.2014 00:11:14.732,1.47416,1.47216,1.6400,1.0500
24.01.2014 00:11:16.113,1.47417,1.47217,1.0100,2.9300
24.01.2014 00:11:17.599,1.47417,1.47217,1.1100,2.1700
24.01.2014 00:11:19.102,1.47417,1.47217,1.6800,1.1900
24.01.2014 00:11:20.480,1.47419,1.47219,1.1100,1.7100
24.01.2014 00:11:21.861,1.47418,1.47218,1.8000,1.4300
24.01.2014 00:11:23.236,1.47418,1.47218,2.1600,2.6500
24.01.2014 00:11:24.663,1.47417,1.47217,1.3600,2.2600
24.01.2014 00:11:26.059,1.47418,1.47218,1.2700,2.5700
24.01.2014 00:11:27.487,1.47419,1.47219,2.2300,1.9700
24.01.2014 00:11:28.985,1.47420,1.47220,1.3500,2.3900
24.01.2014 00:11:30.446,1.47416,1.47216,1.6200,1.9000
24.01.2014 00:11:31.918,1.47418,1.47218,2.4300,2.9000
24.01.2014 00:11:33.142,1.47419,1.47219,2.2100,2.3500
24.01.2014 00:11:34.381,1.47420,1.47220,1.9200,2.2500
24.01.2014 00:11:35.851,1.47422,1.47222,2.0400,2.5000
24.01.2014 00:11:37.446,1.47423,1.47223,2.4100,1.5300
24.01.2014 00:11:38.999,1.47421,1.47221,2.9000,2.6400
24.01.2014 00:11:40.398,1.47419,1.47219,1.3500,2.9700
24.01.2014 00:11:41.821,1.47422,1.47222,2.7800,1.9300
24.01.2014 00:11:43.380,1.47423,1.47223,2.0200,2.1200
24.01.2014 00:11:44.842,1.47424,1.47224,1.1600,2.1800
24.01.2014 00:11:46.288,1.47422,1.47222,1.1600,2.1800
24.01.2014 00:11:47.919,1.47422,1.47222,2.3400,1.3000
24.01.2014 00:11:49.229,1.47421,1.47221,1.1700,1.1300
24.01.2014 00:11:50.664,1.47422,1.47222,2.5900,1.5000
24.01.2014 00:11:52.085,1.47423,1.47223,1.3200,2.8900
24.01.2014 00:11:53.620,1.47422,1.47222,2.8200,1.7000
24.01.2014 00:11:55.067,1.47420,1.47220,1.9900,2.8600
24.01.2014 00:11:56.629,1.47419,1.47219,2.0700,2.5400
24.01.2014 00:11:58.062,1.47420,1.47220,1.1200,1.8700
24.01.2014 00:11:59.682,1.47420,1.47220,2.6300,2.5700
24.01.2014 00:12:01.055,1.47420,1.47220,1.0700,2.7400
24.01.2014 00:12:02.478,1.47418,1.47218,2.0800,1.7100
24.01.2014 00:12:03.845,1.47417,1.47217,2.2000,1.3300
24.01.2014 00:12:05.299,1.47415,1.47215,1.8400,1.7600
24.01.2014 00:12:06.566,1.47417,1.47217,1.8000,2.9800
24.01.2014 00:12:08.055,1.47417,1.47217,1.4500,1.6800
24.01.2014 00:12:09.484,1.47418,1.47218,1.9800,2.1300
24.01.2014 00:12:10.969,1.47419,1.47219,2.2300,2.2200
24.01.2014 00:12:12.317,1.47417,1.47217,1.9500,1.2900
24.01.2014 00:12:13.736,1.47417,1.47217,1.9100,2.7200
24.01.2014 00:12:15.064,1.47415,1.47215,2.0600,2.3700
24.01.2014 00:12:16.534,1.47418,1.47218,1.1900,2.6200
24.01.2014 00:12:18.018,1.47418,1.47218,2.9100,1.6600
24.01.2014 00:12:19.409,1.47417,1.47217,1.1600,1.5600
24.01.2014 00:12:20.944,1.47417,1.47217,1.0600,1.3500
24.01.2014 00:12:22.291,1.47418,1.47218,1.2700,2.0100
24.01.2014 00:12:23.674,1.47418,1.47218,1.4200,1.2700
24.01.2014 00:12:25.084,1.47417,1.47217,2.6700,2.9900
24.01.2014 00:12:26.615,1.47417,1.47217,1.3600,2.3600
24.01.2014 00:12:27.993,1.47415,1.47215,1.0500,2.2300
24.01.2014 00:12:29.264,1.47418,1.47218,2.4800,2.6900
24.01.2014 00:12:30.769,1.47418,1.47218,1.9200,2.0400
24.01.2014 00:12:32.228,1.47418,1.47218,2.3500,1.6900
24.01.2014 00:12:33.514,1.47418,1.47218,2.2400,1.1600
24.01.2014 00:12:34.845,1.47419,1.47219,2.5000,2.1400
24.01.2014 00:12:36.140,1.47420,1.47220,1.3500,2.3000
24.01.2014 00:12:37.520,1.47420,1.47220,1.8600,2.8700
24.01.2014 00:12:38.975,1.47422,1.47222,1.3800,2.6300
24.01.2014 00:12:40.416,1.47421,1.47221,2.2700,2.9500
24.01.2014 00:12:41.816,1.47420,1.47220,1.7900,1.8300
24.01.2014 00:12:43.341,1.47425,1.47225,1.9100,1.3800
24.01.2014 00:12:44.674,1.47421,1.47221,1.6400,1.0100
24.01.2014 00:12:45.957,1.47421,1.47221,2.4100,2.2600
24.01.2014 00:12:47.382,1.47419,1.47219,2.9500,1.5400
24.01.2014 00:12:48.738,1.47420,1.47220,1.0900,1.7900
24.01.2014 00:12:50.300,1.47422,1.47222,2.5000,2.4100
24.01.2014 00:12:51.664,1.47421,1.47221,1.6800,1.7800
24.01.2014 00:12:53.219,1.47420,1.47220,2.2100,2.7400
24.01.2014 00:12:54.310,1.47421,1.47221,2.5500,1.3500
24.01.2014 00:12:55.759,1.47421,1.47221,2.1700,2.6000
24.01.2014 00:12:57.071,1.47422,1.47222,2.0100,2.9400
24.01.2014 00:12:58.402,1.47422,1.47222,1.3900,2.6700
24.01.2014 00:12:59.679,1.47421,1.47221,1.9200,2.6000
24.01.2014 00:13:01.046,1.47422,1.47222,2.7700,2.8600
24.01.2014 00:13:02.245,1.47423,1.47223,1.9100,1.6400
24.01.2014 00:13:03.781,1.47425,1.47225,1.8800,2.8500
24.01.2014 00:13:05.045,1.47425,1.47225,1.9200,1.8000
24.01.2014 00:13:06.352,1.47425,1.47225,2.3800,2.2200
24.01.2014 00:13:07.774,1.47422,1.47222,1.3000,1.3000
24.01.2014 00:13:09.302,1.47426,1.47226,1.6100,2.5600
24.01.2014 00:13:10.610,1.47427,1.47227,2.5900,1.7300
24.01.2014 00:13:11.773,1.47425,1.47225,2.1800,2.4000
24.01.2014 00:13:13.169,1.47425,1.47225,2.0500,1.2400
24.01.2014 00:13:14.547,1.47424,1.47224,1.4800,2.5000
24.01.2014 00:13:15.885,1.47424,1.47224,1.5100,2.2300
24.01.2014 00:13:17.168,1.47425,1.47225,1.2100,2.6500
24.01.2014 00:13:18.693,1.47423,1.47223,2.7600,1.0300
24.01.2014 00:13:20.183,1.47421,1.47221,2.0000,2.8600
24.01.2014 00:13:21.677,1.47422,1.47222,1.0900,2.2200
24.01.2014 00:13:23.227,1.47420,1.47220,1.6400,2.1300
24.01.2014 00:13:24.596,1.47422,1.47222,2.1400,1.4100
24.01.2014 00:13:25.822,1.47425,1.47225,2.3000,2.0600
24.01.2014 00:13:27.141,1.47425,1.47225,2.0200,1.4700
24.01.2014 00:13:28.506,1.47424,1.47224,2.2300,1.3000
24.01.2014 00:13:30.040,1.47424,1.47224,1.0200,1.4200
24.01.2014 00:13:31.385,1.47426,1.47226,1.0000,2.1500
24.01.2014 00:13:32.726,1.47426,1.47226,2.0200,1.4600
24.01.2014 00:13:34.154,1.47423,1.47223,2.1900,1.9200
24.01.2014 00:13:35.426,1.47423,1.47223,1.9500,2.5600
24.01.2014 00:13:36.932,1.47424,1.47224,1.7800,1.2600
24.01.2014 00:13:38.436,1.47422,1.47222,1.3700,1.8300
24.01.2014 00:13:39.841,1.47423,1.47223,2.6700,1.7600
24.01.2014 00:13:41.248,1.47425,1.47225,1.7600,1.5000
24.01.2014 00:13:42.849,1.47427,1.47227,1.0100,2.1000
24.01.2014 00:13:44.050,1.47428,1.47228,1.1900,2.9000
24.01.2014 00:13:45.442,1.47429,1.47229,2.3900,1.6400
24.01.2014 00:13:46.793,1.47429,1.47229,2.8500,1.2000
24.01.2014 00:13:48.218,1.47429,1.47229,1.8900,2.7300
24.01.2014 00:13:49.417,1.47431,1.47231,2.8400,2.9200
24.01.2014 00:13:50.970,1.47432,1.47232,1.9600,2.9900
24.01.2014 00:13:52.192,1.47435,1.47235,2.7100,1.9500
24.01.2014 00:13:53.650,1.47434,1.47234,1.4200,1.0700
24.01.2014 00:13:55.021,1.47434,1.47234,1.6300,1.6000
24.01.2014 00:13:56.583,1.47432,1.47232,1.0200,1.9400
24.01.2014 00:13:57.916,1.47432,1.47232,2.7700,1.5600
24.01.2014 00:13:59.163,1.47431,1.47231,1.4900,1.0300
24.01.2014 00:14:00.612,1.47429,1.47229,1.2700,1.2200
24.01.2014 00:14:02.045,1.47428,1.47228,2.8000,1.0400
24.01.2014 00:14:03.574,1.47429,1.47229,1.5400,1.4900
24.01.2014 00:14:05.158,1.47429,1.47229,2.8000,2.4500
24.01.2014 00:14:06.551,1.47428,1.47228,1.6200,1.4600
24.01.2014 00:14:07.908,1.47427,1.47227,1.7600,1.8900
24.01.2014 00:14:09.251,1.47425,1.47225,1.2200,2.0800
24.01.2014 00:14:10.626,1.47425,1.47225,2.0000,1.5600
24.01.2014 00:14:11.958,1.47426,1.47226,1.2500,2.6200
24.01.2014 00:14:13.260,1.47422,1.47222,2.6600,1.3100
24.01.2014 00:14:14.597,1.47424,1.47224,1.5400,1.2300
24.01.2014 00:14:16.129,1.47420,1.47220,2.3500,1.9400
24.01.2014 00:14:17.427,1.47420,1.47220,1.5700,2.4800
24.01.2014 00:14:18.799,1.47422,1.47222,2.3600,2.2100
24.01.2014 00:14:20.389,1.47423,1.47223,1.5200,2.8600
24.01.2014 00:14:21.729,1.47424,1.47224,2.5300,1.2100
24.01.2014 00:14:22.999,1.47424,1.47224,2.9000,1.1000
24.01.2014 00:14:24.147,1.47426,1.47226,1.3900,2.1600
24.01.2014 00:14:25.734,1.47425,1.47225,1.1100,2.0600
24.01.2014 00:14:27.091,1.47424,1.47224,1.6600,1.0300
24.01.2014 00:14:28.614,1.47422,1.47222,2.1400,2.1100
24.01.2014 00:14:30.022,1.47424,1.47224,1.2100,2.0200
24.01.2014 00:14:31.491,1.47424,1.47224,1.0300,2.5300
24.01.2014 00:14:32.990,1.47424,1.47224,2.4200,1.2400
24.01.2014 00:14:34.381,1.47420,1.47220,1.9400,1.3300
24.01.2014 00:14:35.784,1.47422,1.47222,2.5100,1.8200
24.01.2014 00:14:37.115,1.47423,1.47223,2.3500,2.8800
24.01.2014 00:14:38.402,1.47425,1.47225,2.9100,1.9300
24.01.2014 00:14:39.760,1.47424,1.47224,1.0400,2.2200
24.01.2014 00:14:41.158,1.47423,1.47223,2.9000,2.8300
24.01.2014 00:14:42.684,1.47421,1.47221,1.0100,1.1800
24.01.2014 00:14:44.354,1.47420,1.47220,2.7600,2.1400
24.01.2014 00:14:45.861,1.47421,1.47221,1.2600,1.1800
24.01.2014 00:14:47.218,1.47420,1.47220,2.6700,2.8700
24.01.2014 00:14:48.627,1.47420,1.47220,2.7200,1.7100
24.01.2014 00:14:49.941,1.47417,1.47217,2.7700,2.0900
24.01.2014 00:14:51.636,1.47416,1.47216,2.6800,1.3200
24.01.2014 00:14:53.015,1.47416,1.47216,2.7700,1.4900
24.01.2014 00:14:54.473,1.47418,1.47218,2.9200,2.2300
24.01.2014 00:14:55.838,1.47419,1.47219,1.0700,2.9400
24.01.2014 00:14:57.125,1.47419,1.47219,2.6700,1.5500
24.01.2014 00:14:58.573,1.47420,1.47220,2.0800,2.2300
24.01.2014 00:15:00.026,1.47420,1.47220,1.8100,2.9100
24.01.2014 00:15:01.506,1.47420,1.47220,1.7200,1.6800
24.01.2014 00:15:03.015,1.47418,1.47218,2.6200,1.1100
24.01.2014 00:15:04.499,1.47415,1.47215,2.7600,2.4500
24.01.2014 00:15:05.920,1.47414,1.47214,1.3700,2.1900
24.01.2014 00:15:07.278,1.47413,1.47213,2.4100,1.2000
24.01.2014 00:15:08.536,1.47414,1.47214,2.1000,2.5200
24.01.2014 00:15:10.008,1.47414,1.47214,1.5700,2.9700
24.01.2014 00:15:11.341,1.47414,1.47214,1.9700,2.6200
24.01.2014 00:15:12.734,1.47415,1.47215,1.0300,1.2900
24.01.2014 00:15:14.031,1.47416,1.47216,1.8700,2.9900
24.01.2014 00:15:15.403,1.47416,1.47216,2.1700,1.3300
24.01.2014 00:15:16.802,1.47414,1.47214,1.3700,1.4700
24.01.2014 00:15:18.243,1.47416,1.47216,2.3100,2.2700
24.01.2014 00:15:19.449,1.47418,1.47218,2.5700,2.5200
24.01.2014 00:15:20.783,1.47418,1.47218,2.5100,2.7400
24.01.2014 00:15:22.086,1.47418,1.47218,2.4800,2.9600
24.01.2014 00:15:23.580,1.47418,1.47218,1.2100,1.5300
24.01.2014 00:15:24.928,1.47418,1.47218,1.0300,1.7100
24.01.2014 00:15:26.221,1.47420,1.47220,2.0200,2.4000
24.01.2014 00:15:27.628,1.47419,1.47219,2.7100,2.4200
24.01.2014 00:15:29.116,1.47421,1.47221,1.5800,1.8800
24.01.2014 00:15:30.368,1.47423,1.47223,1.0600,2.3300
24.01.2014 00:15:31.851,1.47424,1.47224,2.9200,2.0200
24.01.2014 00:15:33.236,1.47425,1.47225,2.3800,2.6600
24.01.2014 00:15:34.660,1.47423,1.47223,2.7300,1.7900
24.01.2014 00:15:36.064,1.47422,1.47222,2.8100,2.5100
24.01.2014 00:15:37.386,1.47424,1.47224,2.9500,1.4500
24.01.2014 00:15:38.715,1.47425,1.47225,1.7800,2.5200
24.01.2014 00:15:40.390,1.47423,1.47223,2.4900,2.2500
24.01.2014 00:15:41.736,1.47421,1.47221,2.4600,2.7800
24.01.2014 00:15:43.286,1.47421,1.47221,2.3200,1.1300
24.01.2014 00:15:44.728,1.47419,1.47219,1.5800,2.7200
24.01.2014 00:15:46.044,1.47419,1.47219,1.4500,1.5400
24.01.2014 00:15:47.419,1.47421,1.47221,1.2600,2.1200
24.01.2014 00:15:48.660,1.47419,1.47219,1.5600,2.6700
24.01.2014 00:15:50.087,1.47415,1.47215,1.6600,1.1200
24.01.2014 00:15:51.334,1.47412,1.47212,2.0300,1.1300
24.01.2014 00:15:52.662,1.47411,1.47211,1.0600,2.7200
24.01.2014 00:15:54.181,1.47408,1.47208,2.1200,1.4800
24.01.2014 00:15:55.571,1.47410,1.47210,1.5000,1.3000
24.01.2014 00:15:57.050,1.47410,1.47210,2.9000,2.9900
24.01.2014 00:15:58.454,1.47410,1.47210,1.8800,2.0600
24.01.2014 00:15:59.972,1.47409,1.47209,2.9200,1.5600
24.01.2014 00:16:01.327,1.47409,1.47209,1.7300,2.9500
24.01.2014 00:16:02.672,1.47412,1.47212,2.1900,1.4300
24.01.2014 00:16:04.062,1.47414,1.47214,1.1800,1.7300
24.01.2014 00:16:05.244,1.47413,1.47213,1.3500,1.8500
24.01.2014 00:16:06.585,1.47411,1.47211,2.4700,2.3900
24.01.2014 00:16:08.147,1.47410,1.47210,1.9500,2.4500
24.01.2014 00:16:09.642,1.47409,1.47209,2.5500,2.0600
24.01.2014 00:16:11.069,1.47408,1.47208,1.0700,2.0700
24.01.2014 00:16:12.467,1.47407,1.47207,2.6500,1.7400
24.01.2014 00:16:13.836,1.47408,1.47208,1.2800,2.3600
24.01.2014 00:16:15.190,1.47408,1.47208,2.3200,1.5300
24.01.2014 00:16:16.549,1.47409,1.47209,1.3100,1.5000
24.01.2014 00:16:17.950,1.47410,1.47210,1.9000,2.5400
24.01.2014 00:16:19.352,1.47409,1.47209,2.9300,1.0000
24.01.2014 00:16:20.792,1.47407,1.47207,1.5000,1.5600
24.01.2014 00:16:22.110,1.47407,1.47207,2.1300,2.1200
24.01.2014 00:16:23.588,1.47407,1.47207,2.6300,1.8500
24.01.2014 00:16:24.964,1.47406,1.47206,1.7800,2.8800
24.01.2014 00:16:26.505,1.47406,1.47206,1.9700,1.3700
24.01.2014 00:16:27.803,1.47409,1.47209,1.5800,1.1100
24.01.2014 00:16:29.035,1.47408,1.47208,2.6300,1.4000
24.01.2014 00:16:30.567,1.47407,1.47207,1.5900,1.4100
24.01.2014 00:16:32.054,1.47407,1.47207,2.7200,1.8400
24.01.2014 00:16:33.439,1.47406,1.47206,2.1300,2.7300
24.01.2014 00:16:34.766,1.47406,1.47206,2.3300,2.6200
24.01.2014 00:16:36.246,1.47404,1.47204,2.5900,2.8400
24.01.2014 00:16:37.778,1.47403,1.47203,2.9600,1.9600
24.01.2014 00:16:39.320,1.47401,1.47201,1.3900,2.8800
24.01.2014 00:16:40.751,1.47404,1.47204,1.5600,1.4100
24.01.2014 00:16:42.185,1.47405,1.47205,2.7200,1.8500
24.01.2014 00:16:43.597,1.47405,1.47205,1.3200,2.3900
24.01.2014 00:16:44.982,1.47406,1.47206,1.0900,2.2800
24.01.2014 00:16:46.323,1.47407,1.47207,1.5200,2.5200
24.01.2014 00:16:47.855,1.47405,1.47205,1.0400,2.4900
24.01.2014 00:16:49.052,1.47404,1.47204,2.9800,2.1200
24.01.2014 00:16:50.350,1.47403,1.47203,2.8000,1.5300
24.01.2014 00:16:51.858,1.47405,1.47205,1.0900,1.8200
24.01.2014 00:16:53.137,1.47404,1.47204,1.6500,1.7400
24.01.2014 00:16:54.478,1.47405,1.47205,1.5800,1.8700
24.01.2014 00:16:55.896,1.47406,1.47206,1.5100,2.8700
24.01.2014 00:16:57.214,1.47406,1.47206,1.8700,1.0700
24.01.2014 00:16:58.567,1.47407,1.47207,1.8900,2.8000
24.01.2014 00:16:59.914,1.47406,1.47206,1.0200,1.8100
24.01.2014 00:17:01.359,1.47407,1.47207,2.6200,1.3600
24.01.2014 00:17:02.681,1.47405,1.47205,2.5400,2.0700
24.01.2014 00:17:04.068,1.47405,1.47205,1.5900,1.8100
24.01.2014 00:17:05.384,1.47405,1.47205,1.5200,1.6100
24.01.2014 00:17:06.710,1.47406,1.47206,1.9200,2.8800
24.01.2014 00:17:08.006,1.47404,1.47204,1.4200,1.7100
24.01.2014 00:17:09.658,1.47404,1.47204,2.5800,2.9500
24.01.2014 00:17:11.120,1.47403,1.47203,1.3100,1.7200
24.01.2014 00:17:12.529,1.47402,1.47202,2.5100,2.9400
24.01.2014 00:17:13.819,1.47400,1.47200,1.2200,2.9000
24.01.2014 00:17:15.205,1.47402,1.47202,1.4300,2.8700
24.01.2014 00:17:16.643,1.47403,1.47203,1.5900,1.2800
24.01.2014 00:17:18.077,1.47403,1.47203,2.5900,2.6000
24.01.2014 00:17:19.507,1.47405,1.47205,1.5600,1.6200
24.01.2014 00:17:20.951,1.47403,1.47203,2.9100,2.7100
24.01.2014 00:17:22.274,1.47404,1.47204,1.2100,2.5800
24.01.2014 00:17:23.829,1.47405,1.47205,3.0000,2.5100
24.01.2014 00:17:25.290,1.47406,1.47206,2.7200,2.5500
24.01.2014 00:17:26.723,1.47407,1.47207,1.6200,1.9800
24.01.2014 00:17:28.075,1.47407,1.47207,1.9000,1.9600
24.01.2014 00:17:29.467,1.47406,1.47206,1.4100,2.8100
24.01.2014 00:17:30.729,1.47405,1.47205,2.1500,1.1300
24.01.2014 00:17:31.980,1.47408,1.47208,1.5800,2.1900
24.01.2014 00:17:33.425,1.47409,1.47209,2.9100,1.4200
24.01.2014 00:17:34.770,1.47411,1.47211,2.9400,1.9700
24.01.2014 00:17:36.227,1.47408,1.47208,2.3300,2.8900
24.01.2014 00:17:37.602,1.47408,1.47208,2.7100,1.0100
24.01.2014 00:17:39.035,1.47409,1.47209,1.4700,1.5600
24.01.2014 00:17:40.664,1.47409,1.47209,1.8000,1.5800
24.01.2014 00:17:42.124,1.47409,1.47209,2.0400,1.0100
24.01.2014 00:17:43.529,1.47407,1.47207,1.7300,2.4300
24.01.2014 00:17:44.954,1.47407,1.47207,1.4000,2.6800
24.01.2014 00:17:46.416,1.47408,1.47208,2.4800,2.7800
24.01.2014 00:17:47.885,1.47410,1.47210,2.0000,2.1100
24.01.2014 00:17:49.298,1.47412,1.47212,2.3500,2.8700
24.01.2014 00:17:50.617,1.47413,1.47213,2.3500,1.0500
24.01.2014 00:17:52.044,1.47414,1.47214,1.8600,2.8600
24.01.2014 00:17:53.444,1.47417,1.47217,1.3200,1.2700
24.01.2014 00:17:54.845,1.47416,1.47216,2.6700,2.3100
24.01.2014 00:17:56.225,1.47411,1.47211,1.1800,1.2800
24.01.2014 00:17:57.498,1.47415,1.47215,2.6300,2.7700
24.01.2014 00:17:59.064,1.47416,1.47216,2.3100,1.6200
24.01.2014 00:18:00.563,1.47415,1.47215,1.0900,1.9700
24.01.2014 00:18:01.963,1.47414,1.47214,2.5200,1.2400
24.01.2014 00:18:03.268,1.47414,1.47214,1.8400,1.0300
24.01.2014 00:18:04.763,1.47412,1.47212,2.8300,2.8900
24.01.2014 00:18:06.191,1.47412,1.47212,2.3600,2.2200
24.01.2014 00:18:07.548,1.47411,1.47211,1.4600,1.9600
24.01.2014 00:18:08.853,1.47410,1.47210,1.5300,1.4600
24.01.2014 00:18:10.198,1.47412,1.47212,1.2700,2.3100
24.01.2014 00:18:11.677,1.47412,1.47212,1.5400,1.3600
24.01.2014 00:18:13.120,1.47416,1.47216,2.7200,2.4500
24.01.2014 00:18:14.498,1.47415,1.47215,2.1500,2.6100
24.01.2014 00:18:15.923,1.47415,1.47215,1.4800,1.9800
24.01.2014 00:18:17.387,1.47413,1.47213,1.0400,1.7300
24.01.2014 00:18:18.725,1.47414,1.47214,1.4800,1.3200
24.01.2014 00:18:20.020,1.47414,1.47214,1.3800,1.5700
24.01.2014 00:18:21.318,1.47412,1.47212,2.6700,2.1700
24.01.2014 00:18:22.615,1.47409,1.47209,2.5900,2.7200
24.01.2014 00:18:24.080,1.47415,1.47215,1.9700,1.0700
24.01.2014 00:18:25.603,1.47412,1.47212,1.6100,2.9100
24.01.2014 00:18:27.144,1.47410,1.47210,2.7100,2.5600
24.01.2014 00:18:28.598,1.47412,1.47212,1.6800,1.0700
24.01.2014 00:18:29.904,1.47414,1.47214,2.1700,2.3900
24.01.2014 00:18:31.186,1.47416,1.47216,2.6300,2.2800
24.01.2014 00:18:32.433,1.47415,1.47215,2.9500,1.4500
24.01.2014 00:18:33.779,1.47416,1.47216,1.8800,1.4600
24.01.2014 00:18:35.156,1.47416,1.47216,1.3200,1.4200
24.01.2014 00:18:36.553,1.47416,1.47216,2.3900,1.0600
24.01.2014 00:18:37.894,1.47418,1.47218,2.0700,2.8000
24.01.2014 00:18:39.362,1.47415,1.47215,1.1700,2.6000
24.01.2014 00:18:40.975,1.47413,1.47213,2.9900,1.6500
24.01.2014 00:18:42.630,1.47411,1.47211,2.1000,2.1500
24.01.2014 00:18:43.868,1.47413,1.47213,2.6100,1.8500
24.01.2014 00:18:45.339,1.47415,1.47215,1.7200,2.2800
24.01.2014 00:18:46.848,1.47415,1.47215,1.9200,2.5600
24.01.2014 00:18:48.339,1.47416,1.47216,1.6800,2.9400
24.01.2014 00:18:49.635,1.47416,1.47216,1.4600,1.9500
24.01.2014 00:18:51.084,1.47413,1.47213,1.1500,2.4200
24.01.2014 00:18:52.446,1.47414,1.47214,1.1100,2.0800
24.01.2014 00:18:53.942,1.47413,1.47213,1.8000,2.4600
24.01.2014 00:18:55.510,1.47412,1.47212,1.4900,1.7700
24.01.2014 00:18:56.872,1.47409,1.47209,1.9900,1.9900
24.01.2014 00:18:58.178,1.47410,1.47210,1.4000,2.1400
24.01.2014 00:18:59.572,1.47412,1.47212,2.1700,2.6100
24.01.2014 00:19:00.959,1.47410,1.47210,2.1800,1.6700
24.01.2014 00:19:02.340,1.47410,1.47210,2.5600,2.2800
24.01.2014 00:19:03.865,1.47410,1.47210,2.0100,2.7600
24.01.2014 00:19:05.321,1.47409,1.47209,1.6300,1.7100
24.01.2014 00:19:06.658,1.47409,1.47209,1.3600,1.2400
24.01.2014 00:19:07.973,1.47411,1.47211,2.7600,2.0000
24.01.2014 00:19:09.311,1.47413,1.47213,2.0900,2.0800
24.01.2014 00:19:10.706,1.47413,1.47213,2.7000,2.1600
24.01.2014 00:19:12.250,1.47417,1.47217,1.1000,2.8100
24.01.2014 00:19:13.737,1.47415,1.47215,1.3200,1.4500
24.01.2014 00:19:15.118,1.47411,1.47211,1.1700,2.3100
24.01.2014 00:19:16.394,1.47412,1.47212,2.1300,1.4400
24.01.2014 00:19:17.750,1.47410,1.47210,2.2600,2.1700
24.01.2014 00:19:19.025,1.47410,1.47210,1.8800,2.5800
24.01.2014 00:19:20.358,1.47408,1.47208,1.3000,2.8800
24.01.2014 00:19:21.811,1.47410,1.47210,1.4600,2.2300
24.01.2014 00:19:23.273,1.47408,1.47208,2.7400,2.7500
24.01.2014 00:19:24.704,1.47408,1.47208,2.5500,1.0900
24.01.2014 00:19:25.899,1.47407,1.47207,1.6300,2.6900
24.01.2014 00:19:27.295,1.47406,1.47206,1.7500,2.3100
24.01.2014 00:19:28.615,1.47408,1.47208,1.3900,2.8700
24.01.2014 00:19:29.991,1.47406,1.47206,1.5600,2.4900
24.01.2014 00:19:31.529,1.47405,1.47205,1.4700,1.3800
24.01.2014 00:19:32.913,1.47406,1.47206,2.4500,2.1000
24.01.2014 00:19:34.279,1.47407,1.47207,1.5700,2.5500
24.01.2014 00:19:35.608,1.47405,1.47205,1.0000,1.0600
24.01.2014 00:19:37.042,1.47407,1.47207,2.5700,2.7600
24.01.2014 00:19:38.449,1.47407,1.47207,1.0000,2.2300
24.01.2014 00:19:39.779,1.47410,1.47210,1.8100,1.1100
24.01.2014 00:19:41.032,1.47409,1.47209,2.2700,2.9100
24.01.2014 00:19:42.366,1.47410,1.47210,1.4300,1.8500
24.01.2014 00:19:43.723,1.47408,1.47208,2.5300,2.9900
24.01.2014 00:19:45.154,1.47408,1.47208,2.3700,2.0500
24.01.2014 00:19:46.615,1.47406,1.47206,2.5700,2.7900
24.01.2014 00:19:47.944,1.47407,1.47207,2.7300,2.3500
24.01.2014 00:19:49.129,1.47406,1.47206,1.7700,1.7600
24.01.2014 00:19:50.560,1.47407,1.47207,2.8000,2.0500
24.01.2014 00:19:51.980,1.47409,1.47209,1.7800,2.1300
24.01.2014 00:19:53.395,1.47412,1.47212,1.6100,1.4100
24.01.2014 00:19:54.724,1.47412,1.47212,2.8600,1.6000
24.01.2014 00:19:56.178,1.47410,1.47210,2.6500,1.7500
24.01.2014 00:19:57.797,1.47409,1.47209,1.7100,1.1300
24.01.2014 00:19:59.285,1.47409,1.47209,1.5700,1.1400
24.01.2014 00:20:00.671,1.47408,1.47208,2.6600,2.7100
24.01.2014 00:20:01.936,1.47409,1.47209,1.6400,2.2400
24.01.2014 00:20:03.256,1.47407,1.47207,1.3000,2.3900
24.01.2014 00:20:04.549,1.47406,1.47206,2.9900,2.4800
24.01.2014 00:20:06.051,1.47407,1.47207,2.5000,1.0600
24.01.2014 00:20:07.460,1.47404,1.47204,2.5900,2.9200
24.01.2014 00:20:08.692,1.47405,1.47205,2.7100,2.2400
24.01.2014 00:20:10.162,1.47407,1.47207,1.4300,1.6200
24.01.2014 00:20:11.448,1.47408,1.47208,1.5700,2.3100
24.01.2014 00:20:12.718,1.47409,1.47209,2.3200,2.8200
24.01.2014 00:20:13.903,1.47406,1.47206,1.3300,2.9000
24.01.2014 00:20:15.406,1.47404,1.47204,1.9400,1.8100
24.01.2014 00:20:16.731,1.47405,1.47205,2.7500,2.4200
24.01.2014 00:20:17.909,1.47406,1.47206,2.9200,2.6300
24.01.2014 00:20:19.295,1.47406,1.47206,2.8400,2.4700
24.01.2014 00:20:20.793,1.47405,1.47205,2.8000,2.6400
24.01.2014 00:20:22.154,1.47407,1.47207,1.9100,2.7900
24.01.2014 00:20:23.466,1.47409,1.47209,2.4000,2.6400
24.01.2014 00:20:24.767,1.47408,1.47208,2.7300,2.8400
24.01.2014 00:20:26.345,1.47410,1.47210,1.5100,2.2500
24.01.2014 00:20:27.850,1.47408,1.47208,2.4400,2.9900
24.01.2014 00:20:29.012,1.47409,1.47209,1.6400,2.7000
24.01.2014 00:20:30.380,1.47411,1.47211,2.1300,2.1800
24.01.2014 00:20:31.852,1.47414,1.47214,2.7600,1.0600
24.01.2014 00:20:33.115,1.47417,1.47217,1.4300,2.5300
24.01.2014 00:20:34.467,1.47416,1.47216,2.2100,1.7100
24.01.2014 00:20:35.913,1.47416,1.47216,1.9900,1.1900
24.01.2014 00:20:37.320,1.47414,1.47214,2.9000,2.9500
24.01.2014 00:20:38.856,1.47415,1.47215,1.9500,2.3400
24.01.2014 00:20:40.237,1.47418,1.47218,1.6500,1.0100
24.01.2014 00:20:41.616,1.47422,1.47222,1.7600,2.1300
24.01.2014 00:20:42.903,1.47423,1.47223,1.4100,1.6600
24.01.2014 00:20:44.099,1.47423,1.47223,2.0900,2.5300
24.01.2014 00:20:45.495,1.47423,1.47223,1.7300,2.5500
24.01.2014 00:20:46.700,1.47423,1.47223,1.3800,2.2900
24.01.2014 00:20:47.948,1.47424,1.47224,2.5100,1.0700
24.01.2014 00:20:49.338,1.47424,1.47224,2.1000,1.0800
24.01.2014 00:20:50.620,1.47426,1.47226,1.5500,2.7400
24.01.2014 00:20:52.074,1.47426,1.47226,1.1600,2.6100
24.01.2014 00:20:53.414,1.47428,1.47228,1.9500,1.4600
24.01.2014 00:20:54.888,1.47426,1.47226,1.1200,2.2000
24.01.2014 00:20:56.298,1.47428,1.47228,2.0200,1.9900
24.01.2014 00:20:57.603,1.47429,1.47229,2.4700,1.5300
24.01.2014 00:20:59.057,1.47430,1.47230,2.3000,2.8500
24.01.2014 00:21:00.758,1.47432,1.47232,1.1500,1.4500
24.01.2014 00:21:02.268,1.47433,1.47233,1.5700,2.6200
24.01.2014 00:21:03.675,1.47433,1.47233,1.2300,1.1400
24.01.2014 00:21:05.132,1.47433,1.47233,2.9200,2.7900
24.01.2014 00:21:06.402,1.47433,1.47233,2.1800,2.8600
24.01.2014 00:21:07.789,1.47431,1.47231,2.1800,2.0700
24.01.2014 00:21:09.256,1.47428,1.47228,2.3400,2.2600
24.01.2014 00:21:10.656,1.47429,1.47229,1.7900,1.7600
24.01.2014 00:21:12.057,1.47429,1.47229,1.3000,2.6900
24.01.2014 00:21:13.568,1.47430,1.47230,2.7000,1.7000
24.01.2014 00:21:14.995,1.47432,1.47232,1.2500,2.5600
24.01.2014 00:21:16.397,1.47433,1.47233,2.8300,1.5100
24.01.2014 00:21:18.043,1.47433,1.47233,1.9200,2.9800
24.01.2014 00:21:19.463,1.47431,1.47231,2.9300,1.4100
24.01.2014 00:21:20.895,1.47431,1.47231,1.8200,2.9100
24.01.2014 00:21:22.221,1.47431,1.47231,1.3200,1.0300
24.01.2014 00:21:23.542,1.47431,1.47231,1.3600,2.3500
24.01.2014 00:21:24.817,1.47431,1.47231,1.4100,1.7100
24.01.2014 00:21:26.281,1.47432,1.47232,1.9800,1.0600
24.01.2014 00:21:27.601,1.47430,1.47230,1.1500,2.9500
24.01.2014 00:21:28.863,1.47428,1.47228,1.3500,2.3700
24.01.2014 00:21:30.390,1.47428,1.47228,1.5200,2.5800
24.01.2014 00:21:31.707,1.47428,1.47228,1.7800,1.9900
24.01.2014 00:21:33.179,1.47426,1.47226,1.0900,2.9500
24.01.2014 00:21:34.725,1.47424,1.47224,1.3400,2.9500
24.01.2014 00:21:36.269,1.47424,1.47224,2.5200,2.3600
24.01.2014 00:21:37.699,1.47424,1.47224,2.9200,1.6400
24.01.2014 00:21:39.196,1.47425,1.47225,1.6300,2.6700
24.01.2014 00:21:40.685,1.47426,1.47226,1.3600,1.2300
24.01.2014 00:21:42.055,1.47427,1.47227,1.3800,1.9200
24.01.2014 00:21:43.674,1.47428,1.47228,2.1000,2.6100
24.01.2014 00:21:45.027,1.47426,1.47226,2.9300,2.1100
24.01.2014 00:21:46.651,1.47425,1.47225,2.8200,2.0600
24.01.2014 00:21:48.047,1.47426,1.47226,2.2000,2.6600
24.01.2014 00:21:49.453,1.47426,1.47226,1.6200,2.0400
24.01.2014 00:21:50.982,1.47426,1.47226,1.6400,1.0700
24.01.2014 00:21:52.259,1.47427,1.47227,2.4900,1.8600
24.01.2014 00:21:53.503,1.47426,1.47226,1.6500,1.6400
24.01.2014 00:21:54.988,1.47425,1.47225,2.6100,1.4100
24.01.2014 00:21:56.534,1.47426,1.47226,1.7200,2.0000
24.01.2014 00:21:57.923,1.47428,1.47228,2.3300,1.9100
24.01.2014 00:21:59.467,1.47424,1.47224,1.1700,1.2500
24.01.2014 00:22:00.961,1.47424,1.47224,2.0400,1.1700
24.01.2014 00:22:02.407,1.47424,1.47224,2.9800,2.4500
24.01.2014 00:22:03.743,1.47423,1.47223,1.1400,1.0500
24.01.2014 00:22:05.306,1.47423,1.47223,2.9400,2.4100
24.01.2014 00:22:06.670,1.47421,1.47221,2.2700,2.1700
24.01.2014 00:22:08.118,1.47422,1.47222,1.3200,2.8200
24.01.2014 00:22:09.364,1.47421,1.47221,2.6300,1.3000
24.01.2014 00:22:10.796,1.47419,1.47219,1.8900,1.1500
24.01.2014 00:22:12.141,1.47422,1.47222,2.9400,1.6100
24.01.2014 00:22:13.454,1.47423,1.47223,2.6800,1.9500
24.01.2014 00:22:14.773,1.47426,1.47226,1.7500,2.3000
24.01.2014 00:22:16.097,1.47426,1.47226,1.5200,1.1600
24.01.2014 00:22:17.500,1.47425,1.47225,2.2000,1.8600
24.01.2014 00:22:19.049,1.47424,1.47224,2.6100,1.1000
24.01.2014 00:22:20.521,1.47426,1.47226,1.2600,2.0300
24.01.2014 00:22:21.957,1.47427,1.47227,2.5600,1.9900
24.01.2014 00:22:23.394,1.47425,1.47225,1.3700,2.1400
24.01.2014 00:22:24.861,1.47425,1.47225,1.9700,1.7800
24.01.2014 00:22:26.192,1.47423,1.47223,2.2200,1.0500
24.01.2014 00:22:27.598,1.47424,1.47224,2.9500,2.5900
24.01.2014 00:22:28.934,1.47426,1.47226,2.3900,1.1800
24.01.2014 00:22:30.431,1.47427,1.47227,1.4200,2.6200
24.01.2014 00:22:31.956,1.47426,1.47226,2.6800,2.2700
24.01.2014 00:22:33.229,1.47424,1.47224,2.2000,2.0900
24.01.2014 00:22:34.401,1.47425,1.47225,2.8700,2.3000
24.01.2014 00:22:35.628,1.47426,1.47226,2.7700,1.0700
24.01.2014 00:22:37.021,1.47425,1.47225,2.4000,1.5000
24.01.2014 00:22:38.396,1.47425,1.47225,1.8500,2.5300
24.01.2014 00:22:39.785,1.47421,1.47221,2.6800,1.9600
24.01.2014 00:22:41.190,1.47420,1.47220,1.3100,2.2900
24.01.2014 00:22:42.622,1.47417,1.47217,2.7600,1.5400
24.01.2014 00:22:44.016,1.47420,1.47220,1.2000,1.9800
24.01.2014 00:22:45.525,1.47418,1.47218,1.4000,1.7300
24.01.2014 00:22:46.957,1.47419,1.47219,2.8500,2.3800
24.01.2014 00:22:48.528,1.47419,1.47219,2.7600,2.4600
24.01.2014 00:22:49.839,1.47418,1.47218,2.1500,1.5700
24.01.2014 00:22:51.396,1.47419,1.47219,2.6900,1.7200
24.01.2014 00:22:52.847,1.47418,1.47218,2.9500,1.8900
24.01.2014 00:22:54.154,1.47418,1.47218,1.5700,1.5800
24.01.2014 00:22:55.714,1.47413,1.47213,2.3100,2.0900
24.01.2014 00:22:57.196,1.47413,1.47213,2.1900,1.6100
24.01.2014 00:22:58.510,1.47413,1.47213,2.1000,1.1900
24.01.2014 00:22:59.856,1.47413,1.47213,1.3200,1.5800
24.01.2014 00:23:01.392,1.47415,1.47215,1.8100,1.2900
24.01.2014 00:23:02.674,1.47418,1.47218,1.8600,1.8500
24.01.2014 00:23:04.154,1.47417,1.47217,1.9600,1.7500
24.01.2014 00:23:05.627,1.47417,1.47217,2.4600,2.4900
24.01.2014 00:23:07.131,1.47420,1.47220,1.2300,2.9400
24.01.2014 00:23:08.497,1.47418,1.47218,1.1300,2.1200
24.01.2014 00:23:09.803,1.47417,1.47217,1.8200,1.1300
24.01.2014 00:23:11.111,1.47421,1.47221,1.4200,1.6300
24.01.2014 00:23:12.526,1.47418,1.47218,2.4600,2.0000
24.01.2014 00:23:13.942,1.47418,1.47218,1.4300,2.8700
24.01.2014 00:23:15.218,1.47417,1.47217,1.3100,2.0200
24.01.2014 00:23:16.534,1.47418,1.47218,1.4600,1.3400
24.01.2014 00:23:17.912,1.47420,1.47220,2.4000,1.1300
24.01.2014 00:23:19.192,1.47421,1.47221,1.1400,1.2200
24.01.2014 00:23:20.556,1.47421,1.47221,1.7000,1.6000
24.01.2014 00:23:21.928,1.47422,1.47222,1.6800,1.0500
24.01.2014 00:23:23.284,1.47425,1.47225,1.8100,2.9900
24.01.2014 00:23:24.724,1.47426,1.47226,2.2600,1.0200
24.01.2014 00:23:26.335,1.47427,1.47227,1.7400,1.6200
24.01.2014 00:23:27.763,1.47425,1.47225,2.3100,1.7200
24.01.2014 00:23:29.074,1.47423,1.47223,1.3300,2.2700
24.01.2014 00:23:30.266,1.47421,1.47221,2.1300,2.6500
24.01.2014 00:23:31.720,1.47421,1.47221,1.5400,2.3800
24.01.2014 00:23:33.231,1.47421,1.47221,2.5400,1.3700
24.01.2014 00:23:34.782,1.47422,1.47222,2.4200,1.2000
24.01.2014 00:23:36.352,1.47423,1.47223,2.4600,2.2500
24.01.2014 00:23:37.749,1.47423,1.47223,1.9900,2.7500
24.01.2014 00:23:39.199,1.47424,1.47224,1.5100,1.2100
24.01.2014 00:23:40.616,1.47426,1.47226,1.9600,2.9700
24.01.2014 00:23:41.866,1.47425,1.47225,2.1200,1.1900
24.01.2014 00:23:43.220,1.47425,1.47225,2.2700,2.7100
24.01.2014 00:23:44.486,1.47426,1.47226,1.3700,2.0700
24.01.2014 00:23:45.919,1.47426,1.47226,2.2800,2.2900
24.01.2014 00:23:47.351,1.47427,1.47227,1.9700,1.7700
24.01.2014 00:23:48.737,1.47428,1.47228,1.7300,1.8800
24.01.2014 00:23:50.317,1.47428,1.47228,2.6300,2.9300
24.01.2014 00:23:51.739,1.47427,1.47227,2.3300,2.3500
24.01.2014 00:23:53.322,1.47430,1.47230,1.3700,1.7700
24.01.2014 00:23:54.545,1.47429,1.47229,1.5300,2.6300
24.01.2014 00:23:55.828,1.47427,1.47227,1.1500,2.7100
24.01.2014 00:23:57.313,1.47430,1.47230,2.8500,1.4100
24.01.2014 00:23:58.742,1.47431,1.47231,1.5200,1.4900
24.01.2014 00:24:00.180,1.47430,1.47230,1.4300,1.6400
24.01.2014 00:24:01.637,1.47428,1.47228,2.8400,2.6600
24.01.2014 00:24:03.019,1.47426,1.47226,1.3800,1.9700
24.01.2014 00:24:04.540,1.47426,1.47226,2.9300,2.2300
24.01.2014 00:24:05.973,1.47424,1.47224,1.4800,1.4800
24.01.2014 00:24:07.204,1.47426,1.47226,2.4400,1.8900
24.01.2014 00:24:08.684,1.47425,1.47225,1.1700,1.1800
24.01.2014 00:24:10.059,1.47427,1.47227,2.2400,1.7000
24.01.2014 00:24:11.471,1.47428,1.47228,2.8200,1.2700
24.01.2014 00:24:13.069,1.47427,1.47227,1.1600,1.1500
24.01.2014 00:24:14.592,1.47429,1.47229,2.7900,1.7400
24.01.2014 00:24:16.016,1.47431,1.47231,1.6200,2.5500
24.01.2014 00:24:17.259,1.47431,1.47231,2.1300,1.6700
24.01.2014 00:24:18.528,1.47432,1.47232,1.7300,2.2200
24.01.2014 00:24:19.927,1.47434,1.47234,2.4200,1.3600
24.01.2014 00:24:21.367,1.47433,1.47233,2.2400,2.6500
24.01.2014 00:24:22.717,1.47435,1.47235,2.2500,2.1500
24.01.2014 00:24:23.925,1.47437,1.47237,1.3300,2.0500
24.01.2014 00:24:25.302,1.47437,1.47237,2.8000,2.3000
24.01.2014 00:24:26.635,1.47436,1.47236,2.6000,2.7300
24.01.2014 00:24:28.057,1.47435,1.47235,1.5600,1.6900
24.01.2014 00:24:29.450,1.47436,1.47236,2.6300,2.6500
24.01.2014 00:24:30.870,1.47437,1.47237,1.7700,1.6200
24.01.2014 00:24:32.056,1.47438,1.47238,1.5700,2.2600
24.01.2014 00:24:33.438,1.47440,1.47240,2.9900,1.4200
24.01.2014 00:24:34.800,1.47440,1.47240,1.3100,2.6500
24.01.2014 00:24:36.471,1.47439,1.47239,2.1300,2.4900
24.01.2014 00:24:37.878,1.47440,1.47240,2.4600,2.3400
24.01.2014 00:24:39.293,1.47439,1.47239,1.2700,2.3500
24.01.2014 00:24:40.646,1.47439,1.47239,2.0500,2.1600
24.01.2014 00:24:42.034,1.47441,1.47241,1.9800,1.6900
24.01.2014 00:24:43.465,1.47441,1.47241,2.5100,2.5300
24.01.2014 00:24:44.615,1.47438,1.47238,1.3800,2.6200
24.01.2014 00:24:46.073,1.47440,1.47240,2.5800,1.9000
24.01.2014 00:24:47.474,1.47440,1.47240,1.5100,2.6400
24.01.2014 00:24:48.750,1.47439,1.47239,1.7700,1.6000
24.01.2014 00:24:50.211,1.47441,1.47241,1.9600,1.6100
24.01.2014 00:24:51.617,1.47438,1.47238,2.9600,2.0600
24.01.2014 00:24:53.011,1.47440,1.47240,2.2500,1.1000
24.01.2014 00:24:54.293,1.47439,1.47239,1.9200,1.5300
24.01.2014 00:24:55.778,1.47437,1.47237,1.1700,1.3700
24.01.2014 00:24:57.144,1.47437,1.47237,1.1600,1.9200
24.01.2014 00:24:58.518,1.47441,1.47241,1.9600,2.0300
24.01.2014 00:25:00.037,1.47441,1.47241,2.0300,2.8200
24.01.2014 00:25:01.354,1.47442,1.47242,1.4000,1.3400
24.01.2014 00:25:02.652,1.47443,1.47243,1.5400,1.0900
24.01.2014 00:25:04.066,1.47443,1.47243,2.1800,1.2900
24.01.2014 00:25:05.496,1.47447,1.47247,1.5000,2.0200
24.01.2014 00:25:07.022,1.47443,1.47243,2.0500,1.1600
24.01.2014 00:25:08.520,1.47440,1.47240,1.6000,1.9600
24.01.2014 00:25:09.948,1.47437,1.47237,1.7700,2.1900
24.01.2014 00:25:11.589,1.47436,1.47236,1.8300,2.0000
24.01.2014 00:25:13.028,1.47435,1.47235,1.3900,2.4300
24.01.2014 00:25:14.176,1.47436,1.47236,1.2400,2.0800
24.01.2014 00:25:15.635,1.47437,1.47237,1.7800,2.8900
24.01.2014 00:25:17.117,1.47437,1.47237,2.6000,2.6800
24.01.2014 00:25:18.440,1.47436,1.47236,2.1600,1.5300
24.01.2014 00:25:19.810,1.47436,1.47236,1.0200,1.5000
24.01.2014 00:25:21.215,1.47438,1.47238,2.5000,1.5800
24.01.2014 00:25:22.551,1.47437,1.47237,1.3200,1.3200
24.01.2014 00:25:23.919,1.47435,1.47235,1.1400,1.6500
24.01.2014 00:25:25.353,1.47435,1.47235,2.8600,2.1700
24.01.2014 00:25:26.732,1.47434,1.47234,2.8700,2.4600
24.01.2014 00:25:27.996,1.47433,1.47233,2.9000,2.5000
24.01.2014 00:25:29.425,1.47434,1.47234,2.3500,2.0400
24.01.2014 00:25:30.910,1.47433,1.47233,2.7200,2.3000
24.01.2014 00:25:32.457,1.47430,1.47230,1.8900,2.0700
24.01.2014 00:25:33.830,1.47427,1.47227,2.3400,2.9100
24.01.2014 00:25:35.328,1.47430,1.47230,2.4900,1.7500
24.01.2014 00:25:36.891,1.47429,1.47229,1.1900,2.7700
24.01.2014 00:25:38.335,1.47431,1.47231,1.5700,1.9500
24.01.2014 00:25:39.795,1.47432,1.47232,2.4000,2.4700
24.01.2014 00:25:41.100,1.47427,1.47227,2.1600,1.4800
24.01.2014 00:25:42.506,1.47429,1.47229,2.6400,2.0800
24.01.2014 00:25:43.855,1.47425,1.47225,2.9700,2.7300
24.01.2014 00:25:45.226,1.47424,1.47224,1.9700,1.5400
24.01.2014 00:25:46.626,1.47425,1.47225,2.0400,1.7400
24.01.2014 00:25:48.091,1.47425,1.47225,1.8600,2.2200
24.01.2014 00:25:49.528,1.47424,1.47224,1.0400,2.1300
24.01.2014 00:25:50.947,1.47422,1.47222,2.8200,1.7000
24.01.2014 00:25:52.360,1.47422,1.47222,1.4000,1.2000
24.01.2014 00:25:53.874,1.47420,1.47220,1.4200,1.9600
24.01.2014 00:25:55.299,1.47419,1.47219,2.0300,2.4000
24.01.2014 00:25:56.801,1.47417,1.47217,1.6900,2.7000
24.01.2014 00:25:58.139,1.47416,1.47216,2.5000,1.6000
24.01.2014 00:25:59.521,1.47414,1.47214,2.0400,1.1100
24.01.2014 00:26:01.028,1.47411,1.47211,2.4000,2.3000
24.01.2014 00:26:02.371,1.47411,1.47211,2.8000,2.4100
24.01.2014 00:26:03.873,1.47410,1.47210,1.2200,1.7500
24.01.2014 00:26:05.426,1.47409,1.47209,1.9900,1.3400
24.01.2014 00:26:06.723,1.47408,1.47208,1.9200,2.2800
24.01.2014 00:26:08.161,1.47408,1.47208,1.5700,1.3400
24.01.2014 00:26:09.604,1.47406,1.47206,2.9700,1.3400
24.01.2014 00:26:10.980,1.47408,1.47208,2.9900,1.6800
24.01.2014 00:26:12.389,1.47409,1.47209,1.5100,1.7600
24.01.2014 00:26:13.730,1.47407,1.47207,1.7200,2.7300
24.01.2014 00:26:15.130,1.47407,1.47207,1.1400,1.7100
24.01.2014 00:26:16.342,1.47409,1.47209,1.6700,1.6400
24.01.2014 00:26:17.853,1.47409,1.47209,2.0800,1.2100
24.01.2014 00:26:19.191,1.47411,1.47211,2.2800,1.3000
24.01.2014 00:26:20.629,1.47411,1.47211,2.6000,2.8700
24.01.2014 00:26:21.960,1.47409,1.47209,1.8100,2.1900
24.01.2014 00:26:23.342,1.47408,1.47208,1.1400,1.0200
24.01.2014 00:26:24.653,1.47408,1.47208,2.8200,2.2700
24.01.2014 00:26:26.105,1.47405,1.47205,2.2900,2.7900
24.01.2014 00:26:27.478,1.47404,1.47204,2.9200,2.1500
24.01.2014 00:26:28.770,1.47403,1.47203,1.9200,2.8300
24.01.2014 00:26:30.193,1.47403,1.47203,2.6100,2.9800
24.01.2014 00:26:31.481,1.47405,1.47205,1.9400,2.7600
24.01.2014 00:26:32.756,1.47409,1.47209,1.8600,1.0900
24.01.2014 00:26:34.030,1.47409,1.47209,1.7400,2.2200
24.01.2014 00:26:35.524,1.47409,1.47209,1.7200,1.2900
24.01.2014 00:26:37.017,1.47412,1.47212,2.5400,1.8800
24.01.2014 00:26:38.292,1.47413,1.47213,2.5500,1.1300
24.01.2014 00:26:39.541,1.47411,1.47211,1.4200,1.6700
24.01.2014 00:26:41.048,1.47411,1.47211,2.5700,1.1600
24.01.2014 00:26:42.476,1.47414,1.47214,2.6100,1.9200
24.01.2014 00:26:43.802,1.47414,1.47214,1.7500,2.7100
24.01.2014 00:26:45.329,1.47414,1.47214,2.7300,2.7900
24.01.2014 00:26:46.584,1.47416,1.47216,2.7200,2.4200
24.01.2014 00:26:48.021,1.47417,1.47217,2.7400,2.9000
24.01.2014 00:26:49.433,1.47417,1.47217,1.2300,1.3900
24.01.2014 00:26:50.881,1.47418,1.47218,1.6900,1.9500
24.01.2014 00:26:52.067,1.47420,1.47220,1.5900,1.6500
24.01.2014 00:26:53.463,1.47417,1.47217,2.6800,2.3700
24.01.2014 00:26:54.915,1.47417,1.47217,2.4900,2.5500
24.01.2014 00:26:56.369,1.47418,1.47218,2.0500,1.1300
24.01.2014 00:26:57.762,1.47418,1.47218,1.3200,2.4500
24.01.2014 00:26:59.070,1.47420,1.47220,1.7900,1.0500
24.01.2014 00:27:00.418,1.47418,1.47218,1.2700,1.2700
24.01.2014 00:27:01.786,1.47419,1.47219,1.1000,2.1400
24.01.2014 00:27:03.118,1.47419,1.47219,1.9600,1.2400
24.01.2014 00:27:04.701,1.47423,1.47223,2.6500,1.2500
24.01.2014 00:27:06.193,1.47424,1.47224,1.3100,2.1700
24.01.2014 00:27:07.562,1.47422,1.47222,2.9700,1.1700
24.01.2014 00:27:09.055,1.47422,1.47222,1.0700,1.1400
24.01.2014 00:27:10.412,1.47424,1.47224,1.0700,2.2200
24.01.2014 00:27:11.835,1.47423,1.47223,2.7600,2.0600
24.01.2014 00:27:13.163,1.47426,1.47226,2.7400,2.6200
24.01.2014 00:27:14.700,1.47428,1.47228,2.1500,2.7500
24.01.2014 00:27:16.138,1.47429,1.47229,1.8400,1.6700
24.01.2014 00:27:17.512,1.47430,1.47230,2.3900,2.1700
24.01.2014 00:27:18.756,1.47432,1.47232,2.4900,1.2900
24.01.2014 00:27:20.133,1.47432,1.47232,2.7000,2.0400
24.01.2014 00:27:21.650,1.47436,1.47236,2.1300,1.4000
24.01.2014 00:27:22.980,1.47436,1.47236,1.3300,2.7200
24.01.2014 00:27:24.393,1.47435,1.47235,1.3600,1.8800
24.01.2014 00:27:25.843,1.47437,1.47237,1.5600,1.7800
24.01.2014 00:27:27.239,1.47438,1.47238,1.4100,1.6000
24.01.2014 00:27:28.559,1.47439,1.47239,1.0300,2.5500
24.01.2014 00:27:30.011,1.47438,1.47238,2.2300,1.0200
24.01.2014 00:27:31.353,1.47440,1.47240,1.0200,2.1600
24.01.2014 00:27:32.715,1.47440,1.47240,1.2900,1.7800
24.01.2014 00:27:34.094,1.47442,1.47242,1.8400,2.2100
24.01.2014 00:27:35.527,1.47439,1.47239,1.5400,1.1600
24.01.2014 00:27:36.865,1.47437,1.47237,1.2000,1.5800
24.01.2014 00:27:38.374,1.47435,1.47235,1.9000,1.2900
24.01.2014 00:27:39.658,1.47437,1.47237,2.2600,2.7200
24.01.2014 00:27:41.222,1.47437,1.47237,1.1700,1.5700
24.01.2014 00:27:42.525,1.47437,1.47237,2.5300,2.7500
24.01.2014 00:27:43.940,1.47436,1.47236,2.5200,1.2000
24.01.2014 00:27:45.249,1.47436,1.47236,1.3900,2.3700
24.01.2014 00:27:46.737,1.47435,1.47235,1.4100,1.8000
24.01.2014 00:27:48.133,1.47435,1.47235,1.0200,1.3800
24.01.2014 00:27:49.484,1.47437,1.47237,1.2100,1.5600
24.01.2014 00:27:50.837,1.47439,1.47239,2.4700,2.8100
24.01.2014 00:27:52.267,1.47437,1.47237,2.7200,2.7600
24.01.2014 00:27:53.711,1.47438,1.47238,2.6700,2.2000
24.01.2014 00:27:54.911,1.47436,1.47236,1.1200,2.0200
24.01.2014 00:27:56.487,1.47438,1.47238,2.6300,1.4800
24.01.2014 00:27:57.952,1.47439,1.47239,2.6000,1.1100
24.01.2014 00:27:59.454,1.47441,1.47241,2.7300,2.1200
24.01.2014 00:28:00.812,1.47442,1.47242,1.1700,1.0900
24.01.2014 00:28:02.208,1.47444,1.47244,2.4300,1.1600
24.01.2014 00:28:03.732,1.47447,1.47247,1.6400,1.0800
24.01.2014 00:28:05.042,1.47448,1.47248,1.3800,2.7800
24.01.2014 00:28:06.262,1.47448,1.47248,2.4200,2.4700
24.01.2014 00:28:07.831,1.47448,1.47248,2.9500,2.8700
24.01.2014 00:28:09.317,1.47448,1.47248,2.7700,2.5800
24.01.2014 00:28:10.870,1.47447,1.47247,1.6000,3.0000
24.01.2014 00:28:12.106,1.47446,1.47246,1.8100,2.0200
24.01.2014 00:28:13.530,1.47446,1.47246,2.2600,2.3700
24.01.2014 00:28:15.012,1.47449,1.47249,1.0500,1.8900
24.01.2014 00:28:16.461,1.47451,1.47251,1.9800,2.5300
24.01.2014 00:28:17.807,1.47450,1.47250,2.7400,1.2600
24.01.2014 00:28:19.189,1.47447,1.47247,2.3900,1.9300
24.01.2014 00:28:20.708,1.47447,1.47247,2.1900,2.2900
24.01.2014 00:28:21.988,1.47446,1.47246,2.9100,1.7300
24.01.2014 00:28:23.443,1.47444,1.47244,1.1200,2.1800
24.01.2014 00:28:24.871,1.47444,1.47244,1.5200,1.7000
24.01.2014 00:28:26.192,1.47446,1.47246,1.7400,2.1100
24.01.2014 00:28:27.552,1.47445,1.47245,1.1100,1.8700
24.01.2014 00:28:28.939,1.47444,1.47244,2.9900,2.4200
24.01.2014 00:28:30.409,1.47448,1.47248,2.8100,2.5000
24.01.2014 00:28:31.611,1.47445,1.47245,2.6700,1.6900
24.01.2014 00:28:32.855,1.47445,1.47245,1.5400,1.3100
24.01.2014 00:28:34.444,1.47448,1.47248,1.7900,2.4100
24.01.2014 00:28:35.935,1.47446,1.47246,2.6600,1.5700
24.01.2014 00:28:37.403,1.47448,1.47248,2.8100,1.0900
24.01.2014 00:28:38.763,1.47448,1.47248,1.4200,1.3600
24.01.2014 00:28:40.115,1.47450,1.47250,2.4000,2.6400
24.01.2014 00:28:41.588,1.47449,1.47249,1.5600,2.9800
24.01.2014 00:28:43.154,1.47452,1.47252,2.5200,2.5400
24.01.2014 00:28:44.530,1.47455,1.47255,1.0600,1.4200
24.01.2014 00:28:45.720,1.47456,1.47256,1.5300,1.8700
24.01.2014 00:28:47.035,1.47454,1.47254,1.5700,1.0200
24.01.2014 00:28:48.602,1.47455,1.47255,1.4900,2.2900
24.01.2014 00:28:50.007,1.47455,1.47255,1.9500,1.8600
24.01.2014 00:28:51.376,1.47450,1.47250,2.2100,2.4500
24.01.2014 00:28:52.787,1.47453,1.47253,1.7900,1.3900
24.01.2014 00:28:54.082,1.47451,1.47251,2.6400,1.3400
24.01.2014 00:28:55.452,1.47451,1.47251,1.9500,1.0300
24.01.2014 00:28:56.768,1.47453,1.47253,1.5100,1.1900
24.01.2014 00:28:58.167,1.47453,1.47253,1.9700,1.4600
24.01.2014 00:28:59.836,1.47451,1.47251,2.7200,2.5100
24.01.2014 00:29:01.343,1.47450,1.47250,1.8300,2.0300
24.01.2014 00:29:02.686,1.47450,1.47250,1.6900,2.8800
24.01.2014 00:29:04.034,1.47451,1.47251,1.0900,1.1100
24.01.2014 00:29:05.321,1.47451,1.47251,1.1500,2.7800
24.01.2014 00:29:06.820,1.47452,1.47252,2.9500,2.1800
24.01.2014 00:29:08.242,1.47454,1.47254,2.1500,2.1400
24.01.2014 00:29:09.607,1.47454,1.47254,2.4500,1.3000
24.01.2014 00:29:10.923,1.47454,1.47254,1.7700,1.8000
24.01.2014 00:29:12.193,1.47453,1.47253,2.3300,2.0800
24.01.2014 00:29:13.568,1.47454,1.47254,1.5100,2.1700
24.01.2014 00:29:15.160,1.47453,1.47253,1.8600,2.7400
24.01.2014 00:29:16.438,1.47454,1.47254,2.4700,1.5500
24.01.2014 00:29:17.844,1.47454,1.47254,2.5000,2.9700
24.01.2014 00:29:19.411,1.47456,1.47256,1.5200,2.8400
24.01.2014 00:29:20.920,1.47457,1.47257,2.6100,2.4500
24.01.2014 00:29:22.297,1.47458,1.47258,2.0300,2.3700
24.01.2014 00:29:23.688,1.47458,1.47258,2.0800,2.0600
24.01.2014 00:29:25.097,1.47456,1.47256,2.0900,2.2700
24.01.2014 00:29:26.511,1.47454,1.47254,2.3100,1.1200
24.01.2014 00:29:27.801,1.47452,1.47252,1.0600,1.3700
24.01.2014 00:29:29.285,1.47453,1.47253,2.2400,2.2300
24.01.2014 00:29:30.596,1.47451,1.47251,2.7300,2.8200
24.01.2014 00:29:32.035,1.47451,1.47251,2.5000,1.8600
24.01.2014 00:29:33.562,1.47451,1.47251,1.7500,2.3900
24.01.2014 00:29:35.008,1.47450,1.47250,1.5600,2.7900
24.01.2014 00:29:36.489,1.47448,1.47248,1.0400,1.8500
24.01.2014 00:29:37.797,1.47450,1.47250,2.6700,1.7200
24.01.2014 00:29:39.161,1.47449,1.47249,2.7700,1.9400
24.01.2014 00:29:40.529,1.47451,1.47251,2.0400,1.7300
24.01.2014 00:29:42.010,1.47447,1.47247,2.8700,2.3200
24.01.2014 00:29:43.648,1.47450,1.47250,2.4000,2.5600
24.01.2014 00:29:44.767,1.47449,1.47249,2.7200,1.3000
24.01.2014 00:29:46.142,1.47448,1.47248,2.8500,2.6900
24.01.2014 00:29:47.468,1.47452,1.47252,2.1400,2.2800
24.01.2014 00:29:48.826,1.47449,1.47249,1.8700,2.3900
24.01.2014 00:29:50.142,1.47450,1.47250,1.2800,1.6500
24.01.2014 00:29:51.571,1.47451,1.47251,2.6000,2.4200
24.01.2014 00:29:52.981,1.47452,1.47252,1.5700,2.6300
24.01.2014 00:29:54.382,1.47453,1.47253,1.4500,1.1800
24.01.2014 00:29:55.776,1.47451,1.47251,1.4500,2.7500
24.01.2014 00:29:57.320,1.47451,1.47251,1.8500,2.3700
24.01.2014 00:29:58.853,1.47453,1.47253,2.9500,1.7600
24.01.2014 00:30:00.241,1.47454,1.47254,2.7200,1.1100
24.01.2014 00:30:01.734,1.47455,1.47255,1.9500,1.3900
24.01.2014 00:30:03.126,1.47455,1.47255,2.3400,2.9600
24.01.2014 00:30:04.523,1.47454,1.47254,2.0100,2.1900
24.01.2014 00:30:06.038,1.47455,1.47255,1.9300,2.3100
24.01.2014 00:30:07.463,1.47454,1.47254,2.2000,1.2100
24.01.2014 00:30:08.953,1.47455,1.47255,1.6100,1.6500
24.01.2014 00:30:10.358,1.47457,1.47257,1.7200,2.8800
24.01.2014 00:30:11.799,1.47456,1.47256,2.7900,2.9400
24.01.2014 00:30:13.124,1.47458,1.47258,2.8100,2.5000
24.01.2014 00:30:14.591,1.47458,1.47258,1.9000,2.5100
24.01.2014 00:30:16.063,1.47459,1.47259,2.5700,2.6000
24.01.2014 00:30:17.476,1.47460,1.47260,1.5100,1.9600
24.01.2014 00:30:18.758,1.47462,1.47262,1.0400,2.6700
24.01.2014 00:30:20.101,1.47461,1.47261,2.3500,2.6500
24.01.2014 00:30:21.339,1.47463,1.47263,2.9700,1.4600
24.01.2014 00:30:22.704,1.47464,1.47264,1.2400,2.2800
24.01.2014 00:30:23.982,1.47464,1.47264,2.4700,2.4200
24.01.2014 00:30:25.244,1.47467,1.47267,2.5700,1.7100
24.01.2014 00:30:26.637,1.47466,1.47266,1.5700,2.4600
24.01.2014 00:30:28.096,1.47465,1.47265,2.9100,2.0800
24.01.2014 00:30:29.567,1.47464,1.47264,1.5000,1.0300
24.01.2014 00:30:31.013,1.47466,1.47266,2.4700,2.2500
24.01.2014 00:30:32.366,1.47464,1.47264,1.4600,1.8500
24.01.2014 00:30:33.620,1.47465,1.47265,2.4200,1.2400
24.01.2014 00:30:34.996,1.47464,1.47264,2.2700,2.6300
24.01.2014 00:30:36.537,1.47463,1.47263,2.0000,1.9700
24.01.2014 00:30:37.902,1.47462,1.47262,1.3900,1.9900
24.01.2014 00:30:39.271,1.47463,1.47263,2.3200,1.6600
24.01.2014 00:30:40.549,1.47463,1.47263,2.8000,1.3800
24.01.2014 00:30:41.955,1.47464,1.47264,1.0700,1.0200
24.01.2014 00:30:43.341,1.47463,1.47263,1.4800,2.9400
24.01.2014 00:30:44.843,1.47462,1.47262,2.2800,1.9300
24.01.2014 00:30:46.216,1.47459,1.47259,1.1200,2.1800
24.01.2014 00:30:47.728,1.47462,1.47262,1.2100,1.9000
24.01.2014 00:30:49.090,1.47461,1.47261,2.4300,2.4200
24.01.2014 00:30:50.586,1.47461,1.47261,2.9300,1.6900
24.01.2014 00:30:52.000,1.47463,1.47263,1.6200,2.0200
24.01.2014 00:30:53.416,1.47461,1.47261,1.6400,2.0400
24.01.2014 00:30:54.921,1.47459,1.47259,1.0400,2.8300
24.01.2014 00:30:56.390,1.47461,1.47261,2.3700,2.7300
24.01.2014 00:30:57.851,1.47464,1.47264,1.2900,2.2900
24.01.2014 00:30:59.322,1.47464,1.47264,2.6400,1.2300
24.01.2014 00:31:00.665,1.47462,1.47262,1.9300,1.5700
24.01.2014 00:31:01.885,1.47462,1.47262,2.8600,2.2500
24.01.2014 00:31:03.173,1.47461,1.47261,2.7100,1.2600
24.01.2014 00:31:04.558,1.47460,1.47260,1.1200,1.5900
24.01.2014 00:31:05.979,1.47460,1.47260,1.6900,1.9200
24.01.2014 00:31:07.412,1.47462,1.47262,2.5700,1.0900
24.01.2014 00:31:08.816,1.47460,1.47260,1.8000,1.6000
24.01.2014 00:31:09.868,1.47463,1.47263,2.5300,1.9300
24.01.2014 00:31:11.265,1.47459,1.47259,1.4200,2.9400
24.01.2014 00:31:12.502,1.47458,1.47258,2.6500,1.8400
24.01.2014 00:31:14.051,1.47459,1.47259,1.6800,1.0100
24.01.2014 00:31:15.467,1.47462,1.47262,2.8800,1.3400
24.01.2014 00:31:16.835,1.47461,1.47261,1.5700,2.5900
24.01.2014 00:31:18.220,1.47463,1.47263,1.6900,2.7800
24.01.2014 00:31:19.521,1.47460,1.47260,1.9700,2.0600
24.01.2014 00:31:20.804,1.47461,1.47261,1.3600,1.3700
24.01.2014 00:31:22.087,1.47461,1.47261,2.9700,2.0400
24.01.2014 00:31:23.407,1.47462,1.47262,2.1400,2.5400
24.01.2014 00:31:24.988,1.47459,1.47259,2.3300,2.7300
24.01.2014 00:31:26.357,1.47461,1.47261,1.8600,1.9800
24.01.2014 00:31:27.931,1.47462,1.47262,2.3900,1.8300
24.01.2014 00:31:29.207,1.47462,1.47262,1.3300,2.1500
24.01.2014 00:31:30.489,1.47462,1.47262,2.9600,2.0500
24.01.2014 00:31:31.812,1.47464,1.47264,2.5800,1.6800
24.01.2014 00:31:33.235,1.47465,1.47265,2.0300,1.7900
24.01.2014 00:31:34.636,1.47469,1.47269,2.6100,2.8700
24.01.2014 00:31:35.947,1.47469,1.47269,1.6800,1.2700
24.01.2014 00:31:37.190,1.47471,1.47271,1.9100,1.7300
24.01.2014 00:31:38.481,1.47470,1.47270,2.6100,1.9400
24.01.2014 00:31:39.908,1.47472,1.47272,1.9200,2.4900
24.01.2014 00:31:41.218,1.47469,1.47269,2.8900,1.9000
24.01.2014 00:31:42.679,1.47471,1.47271,1.0900,2.9300
24.01.2014 00:31:44.102,1.47469,1.47269,1.1700,1.3200
24.01.2014 00:31:45.487,1.47466,1.47266,1.5400,1.5400
24.01.2014 00:31:46.865,1.47465,1.47265,1.8500,2.9000
24.01.2014 00:31:48.367,1.47466,1.47266,1.0000,2.4300
24.01.2014 00:31:49.667,1.47465,1.47265,2.8300,1.4400
24.01.2014 00:31:50.991,1.47466,1.47266,1.5900,1.1800
24.01.2014 00:31:52.490,1.47466,1.47266,2.8800,1.3400
24.01.2014 00:31:53.781,1.47469,1.47269,1.4300,2.3700
24.01.2014 00:31:55.181,1.47468,1.47268,2.7100,1.7000
24.01.2014 00:31:56.733,1.47470,1.47270,1.8500,1.9200
24.01.2014 00:31:58.237,1.47470,1.47270,1.2300,1.6800
24.01.2014 00:31:59.525,1.47472,1.47272,1.3200,2.9000
24.01.2014 00:32:00.995,1.47470,1.47270,1.4500,2.3100
24.01.2014 00:32:02.557,1.47468,1.47268,1.9800,1.3000
24.01.2014 00:32:04.148,1.47465,1.47265,1.0700,1.2800
24.01.2014 00:32:05.692,1.47465,1.47265,1.8800,2.1000
24.01.2014 00:32:07.051,1.47464,1.47264,2.5700,2.5000
24.01.2014 00:32:08.403,1.47464,1.47264,2.0600,2.3300
24.01.2014 00:32:09.832,1.47465,1.47265,1.5700,1.1500
24.01.2014 00:32:11.093,1.47465,1.47265,1.3900,1.6600
24.01.2014 00:32:12.562,1.47464,1.47264,2.4500,2.8100
24.01.2014 00:32:14.036,1.47462,1.47262,2.6900,1.4300
24.01.2014 00:32:15.547,1.47467,1.47267,2.2200,2.2600
24.01.2014 00:32:16.894,1.47465,1.47265,2.8900,1.8700
24.01.2014 00:32:18.220,1.47468,1.47268,1.2800,2.1100
24.01.2014 00:32:19.759,1.47469,1.47269,2.4600,1.6300
24.01.2014 00:32:21.252,1.47470,1.47270,2.7500,2.9200
24.01.2014 00:32:22.555,1.47472,1.47272,2.0700,2.6200
24.01.2014 00:32:24.064,1.47472,1.47272,1.8400,1.9200
24.01.2014 00:32:25.410,1.47473,1.47273,1.2100,2.1000
24.01.2014 00:32:26.860,1.47472,1.47272,1.8100,1.3100
24.01.2014 00:32:28.116,1.47472,1.47272,2.3500,2.2800
24.01.2014 00:32:29.614,1.47473,1.47273,2.5700,2.9400
24.01.2014 00:32:31.132,1.47474,1.47274,1.6300,2.4300
24.01.2014 00:32:32.574,1.47473,1.47273,1.3400,1.4100
24.01.2014 00:32:33.897,1.47474,1.47274,2.8700,1.2400
24.01.2014 00:32:35.435,1.47478,1.47278,2.5800,2.6400
24.01.2014 00:32:36.726,1.47482,1.47282,2.5200,2.0300
24.01.2014 00:32:38.120,1.47484,1.47284,1.5200,2.2600
24.01.2014 00:32:39.600,1.47482,1.47282,2.8600,1.2100
24.01.2014 00:32:41.075,1.47482,1.47282,1.1000,2.8800
24.01.2014 00:32:42.505,1.47484,1.47284,2.6600,1.2900
24.01.2014 00:32:43.894,1.47483,1.47283,2.8700,2.9800
24.01.2014 00:32:45.219,1.47483,1.47283,2.2500,1.6900
24.01.2014 00:32:46.556,1.47482,1.47282,2.8600,1.5900
24.01.2014 00:32:47.995,1.47481,1.47281,1.0200,2.7300
24.01.2014 00:32:49.308,1.47479,1.47279,2.0700,1.8200
24.01.2014 00:32:50.726,1.47481,1.47281,2.6500,2.8500
24.01.2014 00:32:52.091,1.47482,1.47282,1.8500,1.4800
24.01.2014 00:32:53.645,1.47481,1.47281,1.4300,2.8100
24.01.2014 00:32:55.076,1.47479,1.47279,2.3900,2.0700
24.01.2014 00:32:56.386,1.47477,1.47277,1.3900,2.6800
24.01.2014 00:32:57.800,1.47476,1.47276,2.1500,1.8000
24.01.2014 00:32:58.941,1.47474,1.47274,2.2600,1.5200
24.01.2014 00:33:00.316,1.47475,1.47275,1.5400,2.7600
24.01.2014 00:33:01.738,1.47473,1.47273,2.4700,1.6200
24.01.2014 00:33:03.028,1.47476,1.47276,1.8000,2.8600
24.01.2014 00:33:04.496,1.47474,1.47274,1.5900,2.4000
24.01.2014 00:33:05.969,1.47475,1.47275,2.0000,1.8200
24.01.2014 00:33:07.328,1.47476,1.47276,2.9700,1.6000
24.01.2014 00:33:08.896,1.47476,1.47276,1.4900,1.5100
24.01.2014 00:33:10.349,1.47480,1.47280,1.0800,2.6900
24.01.2014 00:33:11.748,1.47478,1.47278,2.8600,1.3200
24.01.2014 00:33:13.161,1.47480,1.47280,2.7900,2.7400
24.01.2014 00:33:14.674,1.47479,1.47279,2.5300,2.9300
24.01.2014 00:33:16.049,1.47481,1.47281,1.4900,2.3700
24.01.2014 00:33:17.332,1.47481,1.47281,2.1100,2.8300
24.01.2014 00:33:18.851,1.47484,1.47284,1.1300,2.5300
24.01.2014 00:33:20.480,1.47485,1.47285,1.4200,1.7800
24.01.2014 00:33:21.957,1.47486,1.47286,1.7500,1.5900
24.01.2014 00:33:23.340,1.47490,1.47290,2.5600,1.2000
24.01.2014 00:33:24.792,1.47491,1.47291,1.0900,2.5800
24.01.2014 00:33:26.246,1.47492,1.47292,2.9100,1.7300
24.01.2014 00:33:27.728,1.47493,1.47293,1.4000,2.5600
24.01.2014 00:33:29.169,1.47490,1.47290,2.7800,2.8800
24.01.2014 00:33:30.670,1.47488,1.47288,1.5600,2.3800
24.01.2014 00:33:32.130,1.47489,1.47289,2.7300,2.0700
24.01.2014 00:33:33.571,1.47488,1.47288,2.3600,2.7200
24.01.2014 00:33:34.987,1.47490,1.47290,1.7500,2.1300
24.01.2014 00:33:36.526,1.47490,1.47290,2.7800,1.8600
24.01.2014 00:33:37.845,1.47492,1.47292,1.8800,1.2200
24.01.2014 00:33:39.412,1.47493,1.47293,1.5300,1.1400
24.01.2014 00:33:40.808,1.47494,1.47294,1.0500,1.6200
24.01.2014 00:33:42.195,1.47494,1.47294,2.6400,1.3400
24.01.2014 00:33:43.630,1.47494,1.47294,2.0900,1.0300
24.01.2014 00:33:45.048,1.47498,1.47298,1.9600,1.9000
24.01.2014 00:33:46.436,1.47494,1.47294,2.0500,2.3700
24.01.2014 00:33:47.677,1.47494,1.47294,1.8300,2.6100
24.01.2014 00:33:48.988,1.47495,1.47295,1.8400,1.6400
24.01.2014 00:33:50.430,1.47496,1.47296,1.8200,2.1300
24.01.2014 00:33:51.726,1.47496,1.47296,1.9800,1.2100
24.01.2014 00:33:53.193,1.47494,1.47294,1.4500,2.7900
24.01.2014 00:33:54.750,1.47491,1.47291,2.9600,2.4600
24.01.2014 00:33:56.269,1.47491,1.47291,2.2300,1.1300
24.01.2014 00:33:57.837,1.47494,1.47294,2.6300,1.8900
24.01.2014 00:33:59.189,1.47492,1.47292,1.3700,2.5000
24.01.2014 00:34:00.664,1.47490,1.47290,2.3000,1.1300
24.01.2014 00:34:02.064,1.47490,1.47290,1.8100,1.1700
24.01.2014 00:34:03.388,1.47489,1.47289,2.7900,1.6600
24.01.2014 00:34:04.949,1.47491,1.47291,2.7300,1.0100
24.01.2014 00:34:06.402,1.47491,1.47291,2.3700,1.2700
24.01.2014 00:34:07.782,1.47491,1.47291,1.0000,2.9500
24.01.2014 00:34:09.111,1.47491,1.47291,2.4800,2.7500
24.01.2014 00:34:10.587,1.47495,1.47295,1.7600,2.3600
24.01.2014 00:34:11.836,1.47494,1.47294,2.9400,1.2100
24.01.2014 00:34:13.156,1.47494,1.47294,1.7400,1.5500
24.01.2014 00:34:14.546,1.47493,1.47293,2.8300,1.9700
24.01.2014 00:34:15.941,1.47496,1.47296,1.4900,1.4600
24.01.2014 00:34:17.322,1.47496,1.47296,2.9900,1.1600
24.01.2014 00:34:18.518,1.47494,1.47294,2.1100,2.1700
24.01.2014 00:34:19.966,1.47492,1.47292,1.1800,2.6700
24.01.2014 00:34:21.530,1.47490,1.47290,2.3200,2.2700
24.01.2014 00:34:23.069,1.47493,1.47293,2.6200,2.3200
24.01.2014 00:34:24.460,1.47492,1.47292,1.9300,1.4000
24.01.2014 00:34:25.799,1.47491,1.47291,1.7000,1.1300
24.01.2014 00:34:27.253,1.47492,1.47292,2.5900,2.7900
24.01.2014 00:34:28.604,1.47493,1.47293,1.2100,1.8500
24.01.2014 00:34:29.973,1.47493,1.47293,2.3500,1.5400
24.01.2014 00:34:31.301,1.47491,1.47291,2.2100,2.2900
24.01.2014 00:34:32.649,1.47492,1.47292,2.6700,2.0700
24.01.2014 00:34:34.135,1.47494,1.47294,2.1400,2.2900
24.01.2014 00:34:35.462,1.47493,1.47293,2.8200,1.4700
24.01.2014 00:34:36.830,1.47494,1.47294,1.8200,2.6000
24.01.2014 00:34:38.331,1.47494,1.47294,2.8300,2.5400
24.01.2014 00:34:39.750,1.47496,1.47296,2.5600,2.4600
24.01.2014 00:34:41.054,1.47494,1.47294,2.2400,1.0900
24.01.2014 00:34:42.596,1.47494,1.47294,1.2400,2.2700
24.01.2014 00:34:43.986,1.47494,1.47294,1.6400,1.6500
24.01.2014 00:34:45.209,1.47494,1.47294,1.5400,2.6200
24.01.2014 00:34:46.569,1.47495,1.47295,2.0200,1.3700
24.01.2014 00:34:47.911,1.47494,1.47294,1.7000,2.7200
24.01.2014 00:34:49.275,1.47496,1.47296,2.0600,2.9900
24.01.2014 00:34:50.654,1.47494,1.47294,1.3500,1.6000
24.01.2014 00:34:51.998,1.47495,1.47295,2.1800,1.4800
24.01.2014 00:34:53.290,1.47494,1.47294,2.8200,1.7500
24.01.2014 00:34:54.701,1.47490,1.47290,1.5600,1.2600
24.01.2014 00:34:56.032,1.47491,1.47291,2.0900,1.1800
24.01.2014 00:34:57.411,1.47491,1.47291,2.5600,1.3500
24.01.2014 00:34:58.705,1.47492,1.47292,2.8100,1.0300
24.01.2014 00:35:00.131,1.47495,1.47295,2.2700,1.2600
24.01.2014 00:35:01.409,1.47494,1.47294,1.3200,1.8300
24.01.2014 00:35:02.790,1.47494,1.47294,1.1700,2.6300
24.01.2014 00:35:04.206,1.47495,1.47295,1.2700,1.5200
24.01.2014 00:35:05.534,1.47494,1.47294,1.4500,1.2100
24.01.2014 00:35:06.907,1.47495,1.47295,1.2500,2.1700
24.01.2014 00:35:08.108,1.47495,1.47295,2.0600,1.3200
24.01.2014 00:35:09.514,1.47496,1.47296,2.9600,2.0100
24.01.2014 00:35:11.041,1.47496,1.47296,2.4700,1.7600
24.01.2014 00:35:12.500,1.47498,1.47298,2.9800,2.6500
24.01.2014 00:35:13.889,1.47497,1.47297,1.6200,1.1300
24.01.2014 00:35:15.282,1.47495,1.47295,2.7900,2.6400
24.01.2014 00:35:16.572,1.47495,1.47295,1.7300,1.6300
24.01.2014 00:35:17.826,1.47494,1.47294,1.5600,2.3300
24.01.2014 00:35:19.253,1.47492,1.47292,2.1300,2.2100
24.01.2014 00:35:20.587,1.47490,1.47290,2.8000,1.1100
24.01.2014 00:35:21.954,1.47490,1.47290,1.1400,2.1800
24.01.2014 00:35:23.370,1.47491,1.47291,1.4200,1.7600
24.01.2014 00:35:24.709,1.47490,1.47290,2.3500,1.2400
24.01.2014 00:35:26.005,1.47492,1.47292,1.4200,1.5400
24.01.2014 00:35:27.477,1.47492,1.47292,1.8200,1.6500
24.01.2014 00:35:28.740,1.47493,1.47293,1.5100,2.6700
24.01.2014 00:35:30.237,1.47492,1.47292,1.3100,1.5900
24.01.2014 00:35:31.490,1.47493,1.47293,2.2900,1.4000
24.01.2014 00:35:32.857,1.47492,1.47292,2.9400,2.3500
24.01.2014 00:35:34.264,1.47490,1.47290,1.2400,1.4700
24.01.2014 00:35:35.554,1.47491,1.47291,2.8000,1.3000
24.01.2014 00:35:36.827,1.47489,1.47289,2.7600,2.8600
24.01.2014 00:35:38.153,1.47491,1.47291,1.5300,2.7700
24.01.2014 00:35:39.543,1.47488,1.47288,2.5800,2.5600
24.01.2014 00:35:40.914,1.47489,1.47289,1.0600,1.9000
24.01.2014 00:35:42.297,1.47489,1.47289,1.2700,2.4500
24.01.2014 00:35:43.832,1.47485,1.47285,1.1800,2.1200
24.01.2014 00:35:45.140,1.47483,1.47283,2.2200,1.9300
24.01.2014 00:35:46.512,1.47483,1.47283,2.0500,1.0700
24.01.2014 00:35:48.100,1.47482,1.47282,1.0800,2.4100
24.01.2014 00:35:49.628,1.47480,1.47280,2.7100,1.2300
24.01.2014 00:35:51.083,1.47481,1.47281,2.4600,2.9100
24.01.2014 00:35:52.436,1.47480,1.47280,1.4800,2.9200
24.01.2014 00:35:53.808,1.47479,1.47279,2.1500,2.1100
24.01.2014 00:35:55.250,1.47481,1.47281,2.4800,2.5000
24.01.2014 00:35:56.697,1.47480,1.47280,1.3900,2.5700
24.01.2014 00:35:57.913,1.47479,1.47279,1.9200,1.5100
24.01.2014 00:35:59.362,1.47481,1.47281,2.7700,2.8100
24.01.2014 00:36:00.795,1.47479,1.47279,2.3600,2.6300
24.01.2014 00:36:02.243,1.47480,1.47280,1.7400,2.5900
24.01.2014 00:36:03.569,1.47480,1.47280,2.2000,1.2400
24.01.2014 00:36:05.136,1.47479,1.47279,2.9200,2.1100
24.01.2014 00:36:06.573,1.47478,1.47278,1.0900,2.8300
24.01.2014 00:36:08.000,1.47479,1.47279,2.3900,1.5500
24.01.2014 00:36:09.497,1.47481,1.47281,2.2400,2.1100
24.01.2014 00:36:10.768,1.47482,1.47282,1.0700,1.6400
24.01.2014 00:36:12.401,1.47482,1.47282,2.3300,2.5700
24.01.2014 00:36:13.971,1.47481,1.47281,1.4300,2.7700
24.01.2014 00:36:15.275,1.47481,1.47281,2.7100,2.8200
24.01.2014 00:36:16.533,1.47479,1.47279,2.8800,2.4100
24.01.2014 00:36:17.925,1.47478,1.47278,2.4900,2.8700
24.01.2014 00:36:19.205,1.47478,1.47278,2.8000,1.2000
24.01.2014 00:36:20.529,1.47477,1.47277,2.2900,2.8600
24.01.2014 00:36:21.820,1.47477,1.47277,1.9300,1.0700
24.01.2014 00:36:23.130,1.47478,1.47278,2.2900,1.2700
24.01.2014 00:36:24.683,1.47479,1.47279,1.9100,1.7000
24.01.2014 00:36:26.020,1.47479,1.47279,2.5900,2.8700
24.01.2014 00:36:27.339,1.47479,1.47279,1.2500,1.7000
24.01.2014 00:36:28.874,1.47477,1.47277,1.8200,2.4500
24.01.2014 00:36:30.360,1.47475,1.47275,1.8300,1.9700
24.01.2014 00:36:31.728,1.47474,1.47274,2.8900,1.3500
24.01.2014 00:36:33.017,1.47474,1.47274,2.7600,1.5900
24.01.2014 00:36:34.305,1.47473,1.47273,2.6300,2.7800
24.01.2014 00:36:35.659,1.47472,1.47272,2.8900,2.3100
24.01.2014 00:36:36.970,1.47474,1.47274,2.0600,2.9100
24.01.2014 00:36:38.280,1.47471,1.47271,1.2100,2.8600
24.01.2014 00:36:39.776,1.47469,1.47269,2.9500,2.4200
24.01.2014 00:36:41.003,1.47471,1.47271,1.2400,2.6100
24.01.2014 00:36:42.457,1.47472,1.47272,2.2000,1.8400
24.01.2014 00:36:43.812,1.47471,1.47271,1.5300,1.3200
24.01.2014 00:36:45.320,1.47470,1.47270,1.6600,2.0500
24.01.2014 00:36:46.703,1.47470,1.47270,1.9200,2.9800
24.01.2014 00:36:48.155,1.47469,1.47269,1.0000,1.3400
24.01.2014 00:36:49.694,1.47466,1.47266,1.6500,2.2300
24.01.2014 00:36:51.014,1.47466,1.47266,2.4700,1.8900
24.01.2014 00:36:52.375,1.47466,1.47266,1.1800,2.0400
24.01.2014 00:36:53.888,1.47466,1.47266,2.0000,2.4700
24.01.2014 00:36:55.179,1.47466,1.47266,2.8800,1.4900
24.01.2014 00:36:56.423,1.47468,1.47268,1.6600,1.4700
24.01.2014 00:36:57.522,1.47468,1.47268,2.5300,1.8400
24.01.2014 00:36:58.864,1.47468,1.47268,2.2400,2.1700
24.01.2014 00:37:00.305,1.47465,1.47265,1.7400,2.1000
24.01.2014 00:37:01.777,1.47467,1.47267,2.4500,2.8400
24.01.2014 00:37:03.102,1.47464,1.47264,1.2200,1.1600
24.01.2014 00:37:04.588,1.47464,1.47264,1.0100,2.4900
24.01.2014 00:37:05.913,1.47467,1.47267,2.4900,2.2700
24.01.2014 00:37:07.263,1.47466,1.47266,1.9200,2.5400
24.01.2014 00:37:08.478,1.47467,1.47267,1.0200,1.7700
24.01.2014 00:37:09.902,1.47467,1.47267,1.3500,2.5600
24.01.2014 00:37:11.493,1.47467,1.47267,2.3900,1.1000
24.01.2014 00:37:12.775,1.47467,1.47267,2.5400,1.9100
24.01.2014 00:37:14.122,1.47467,1.47267,2.5900,2.4800
24.01.2014 00:37:15.458,1.47466,1.47266,2.4800,1.6000
24.01.2014 00:37:17.019,1.47465,1.47265,1.5100,1.6200
24.01.2014 00:37:18.300,1.47465,1.47265,1.1500,1.1800
24.01.2014 00:37:19.754,1.47465,1.47265,1.4700,1.7600
24.01.2014 00:37:21.091,1.47467,1.47267,2.2800,2.7100
24.01.2014 00:37:22.403,1.47468,1.47268,2.0200,2.5700
24.01.2014 00:37:23.916,1.47466,1.47266,1.4300,2.0200
24.01.2014 00:37:25.301,1.47464,1.47264,2.1500,2.9300
24.01.2014 00:37:26.761,1.47462,1.47262,2.6300,1.1100
24.01.2014 00:37:28.097,1.47462,1.47262,1.2000,1.1400
24.01.2014 00:37:29.498,1.47462,1.47262,2.4500,1.1700
24.01.2014 00:37:30.779,1.47464,1.47264,2.7300,1.6200
24.01.2014 00:37:32.317,1.47461,1.47261,2.1300,1.4500
24.01.2014 00:37:33.747,1.47461,1.47261,2.0400,1.3100
24.01.2014 00:37:35.267,1.47462,1.47262,1.8100,2.1400
24.01.2014 00:37:36.689,1.47461,1.47261,1.4800,2.0300
24.01.2014 00:37:37.928,1.47460,1.47260,1.9300,2.6100
24.01.2014 00:37:39.482,1.47461,1.47261,2.8600,2.4500
24.01.2014 00:37:40.812,1.47458,1.47258,1.0200,2.3900
24.01.2014 00:37:42.044,1.47458,1.47258,1.5400,2.0400
24.01.2014 00:37:43.467,1.47457,1.47257,1.4600,2.3400
24.01.2014 00:37:44.768,1.47457,1.47257,2.9500,2.9100
24.01.2014 00:37:46.401,1.47458,1.47258,2.7800,1.5800
24.01.2014 00:37:47.901,1.47459,1.47259,1.6500,2.4800
24.01.2014 00:37:49.159,1.47457,1.47257,1.1200,2.5000
24.01.2014 00:37:50.537,1.47460,1.47260,2.8400,1.1300
24.01.2014 00:37:51.838,1.47461,1.47261,2.1700,2.2600
24.01.2014 00:37:53.181,1.47459,1.47259,2.2900,2.9900
24.01.2014 00:37:54.777,1.47459,1.47259,1.0700,1.1800
24.01.2014 00:37:56.146,1.47462,1.47262,1.9600,2.5900
24.01.2014 00:37:57.526,1.47460,1.47260,1.5300,2.7000
24.01.2014 00:37:58.810,1.47458,1.47258,1.9000,2.5400
24.01.2014 00:38:00.203,1.47458,1.47258,1.6900,1.0600
24.01.2014 00:38:01.648,1.47459,1.47259,2.6300,2.8700
24.01.2014 00:38:02.901,1.47461,1.47261,2.2700,2.6700
24.01.2014 00:38:04.222,1.47460,1.47260,2.5300,2.0700
24.01.2014 00:38:05.598,1.47460,1.47260,1.4900,2.3200
24.01.2014 00:38:06.836,1.47460,1.47260,1.3400,1.3500
24.01.2014 00:38:08.404,1.47460,1.47260,1.6600,1.9600
24.01.2014 00:38:10.086,1.47460,1.47260,2.4100,2.9800
24.01.2014 00:38:11.503,1.47458,1.47258,2.0400,2.7300
24.01.2014 00:38:13.035,1.47453,1.47253,2.6200,1.8300
24.01.2014 00:38:14.414,1.47453,1.47253,2.6100,2.6800
24.01.2014 00:38:15.799,1.47452,1.47252,2.0900,1.8900
24.01.2014 00:38:17.215,1.47455,1.47255,2.4300,2.8500
24.01.2014 00:38:18.541,1.47458,1.47258,2.6900,2.8600
24.01.2014 00:38:19.701,1.47458,1.47258,1.1000,2.6500
24.01.2014 00:38:21.218,1.47457,1.47257,1.6400,1.0200
24.01.2014 00:38:22.584,1.47455,1.47255,2.8900,2.0300
24.01.2014 00:38:23.834,1.47457,1.47257,1.0000,2.1700
24.01.2014 00:38:25.442,1.47459,1.47259,2.5300,1.6000
24.01.2014 00:38:26.780,1.47459,1.47259,1.2000,2.5500
24.01.2014 00:38:28.014,1.47459,1.47259,2.9200,2.2600
24.01.2014 00:38:29.437,1.47457,1.47257,1.2300,2.2600
24.01.2014 00:38:30.935,1.47459,1.47259,1.2400,2.1500
24.01.2014 00:38:32.361,1.47459,1.47259,2.4800,2.0100
24.01.2014 00:38:33.838,1.47461,1.47261,1.3500,1.7900
24.01.2014 00:38:35.182,1.47464,1.47264,1.4400,2.9600
24.01.2014 00:38:36.590,1.47466,1.47266,2.6200,1.0200
24.01.2014 00:38:37.765,1.47464,1.47264,2.1000,1.0300
24.01.2014 00:38:39.276,1.47468,1.47268,1.4800,2.0000
24.01.2014 00:38:40.673,1.47468,1.47268,2.9300,1.9900
24.01.2014 00:38:42.184,1.47467,1.47267,2.1700,1.9100
24.01.2014 00:38:43.595,1.47466,1.47266,1.6100,1.2200
24.01.2014 00:38:44.906,1.47468,1.47268,2.4400,1.5400
24.01.2014 00:38:46.320,1.47469,1.47269,2.2100,2.4600
24.01.2014 00:38:47.714,1.47472,1.47272,2.1500,1.5600
24.01.2014 00:38:48.862,1.47469,1.47269,2.4800,2.5300
24.01.2014 00:38:50.201,1.47467,1.47267,2.1000,2.9100
24.01.2014 00:38:51.593,1.47467,1.47267,2.2800,1.3600
24.01.2014 00:38:53.075,1.47466,1.47266,2.2900,2.0400
24.01.2014 00:38:54.470,1.47464,1.47264,2.1200,1.9200
24.01.2014 00:38:55.919,1.47463,1.47263,2.5400,1.4400
24.01.2014 00:38:57.377,1.47462,1.47262,2.4600,1.6300
24.01.2014 00:38:58.653,1.47462,1.47262,1.7700,1.1000
24.01.2014 00:39:00.149,1.47459,1.47259,1.9400,1.6500
24.01.2014 00:39:01.455,1.47461,1.47261,2.5400,1.4100
24.01.2014 00:39:02.561,1.47463,1.47263,2.4800,2.9500
24.01.2014 00:39:04.078,1.47461,1.47261,2.9400,1.8300
24.01.2014 00:39:05.533,1.47461,1.47261,1.5300,2.8800
24.01.2014 00:39:07.163,1.47459,1.47259,1.7000,2.7000
24.01.2014 00:39:08.646,1.47457,1.47257,2.4100,1.7400
24.01.2014 00:39:10.064,1.47457,1.47257,1.6100,1.9200
24.01.2014 00:39:11.356,1.47458,1.47258,1.8500,1.5700
24.01.2014 00:39:12.682,1.47454,1.47254,2.1000,1.4600
24.01.2014 00:39:14.108,1.47456,1.47256,2.6900,1.5100
24.01.2014 00:39:15.441,1.47457,1.47257,2.8100,2.5400
24.01.2014 00:39:16.793,1.47457,1.47257,1.3300,2.5600
24.01.2014 00:39:18.068,1.47457,1.47257,1.5700,1.0200
24.01.2014 00:39:19.412,1.47457,1.47257,1.4000,2.9300
24.01.2014 00:39:20.924,1.47457,1.47257,2.7800,2.9500
24.01.2014 00:39:22.347,1.47457,1.47257,1.7500,2.1200
24.01.2014 00:39:23.805,1.47460,1.47260,2.9700,1.7400
24.01.2014 00:39:25.138,1.47461,1.47261,2.9300,2.8700
24.01.2014 00:39:26.512,1.47462,1.47262,2.2100,1.2700
24.01.2014 00:39:27.809,1.47461,1.47261,2.5300,1.1100
24.01.2014 00:39:29.129,1.47461,1.47261,1.5100,1.0400
24.01.2014 00:39:30.419,1.47460,1.47260,2.9800,1.9500
24.01.2014 00:39:31.708,1.47461,1.47261,2.6900,1.7400
24.01.2014 00:39:33.065,1.47460,1.47260,1.2300,2.1500
24.01.2014 00:39:34.441,1.47461,1.47261,2.9900,2.6200
24.01.2014 00:39:35.822,1.47461,1.47261,2.3400,1.2700
24.01.2014 00:39:37.245,1.47461,1.47261,1.9800,2.3200
24.01.2014 00:39:38.753,1.47456,1.47256,1.5000,1.5500
24.01.2014 00:39:40.245,1.47456,1.47256,2.3100,1.2300
24.01.2014 00:39:41.552,1.47457,1.47257,1.7800,1.5500
24.01.2014 00:39:43.042,1.47455,1.47255,2.4000,2.5300
24.01.2014 00:39:44.303,1.47454,1.47254,1.5900,1.5200
24.01.2014 00:39:45.686,1.47453,1.47253,2.0600,2.5900
24.01.2014 00:39:47.055,1.47453,1.47253,2.4900,1.0100
24.01.2014 00:39:48.290,1.47451,1.47251,2.1800,2.3900
24.01.2014 00:39:49.800,1.47452,1.47252,2.3300,1.0900
24.01.2014 00:39:51.090,1.47456,1.47256,1.3600,2.8400
24.01.2014 00:39:52.654,1.47458,1.47258,2.6100,1.7700
24.01.2014 00:39:54.055,1.47459,1.47259,1.9500,2.8900
24.01.2014 00:39:55.482,1.47459,1.47259,3.0000,2.1700
24.01.2014 00:39:56.850,1.47456,1.47256,2.9000,1.4400
24.01.2014 00:39:58.355,1.47456,1.47256,2.5100,2.5700
24.01.2014 00:39:59.857,1.47456,1.47256,1.2100,1.3700
24.01.2014 00:40:01.348,1.47455,1.47255,1.7000,2.2600
24.01.2014 00:40:02.634,1.47459,1.47259,2.1300,1.6100
24.01.2014 00:40:03.888,1.47460,1.47260,1.0800,1.0000
24.01.2014 00:40:05.232,1.47459,1.47259,2.8800,2.4300
24.01.2014 00:40:06.547,1.47458,1.47258,2.2100,2.8300
24.01.2014 00:40:07.839,1.47457,1.47257,2.6900,2.3100
24.01.2014 00:40:09.326,1.47457,1.47257,1.7000,1.2100
24.01.2014 00:40:10.754,1.47459,1.47259,1.0100,2.0200
24.01.2014 00:40:12.168,1.47460,1.47260,2.9900,1.3300
24.01.2014 00:40:13.353,1.47457,1.47257,1.9100,1.3200
24.01.2014 00:40:14.833,1.47458,1.47258,1.0800,1.4900
24.01.2014 00:40:16.259,1.47457,1.47257,2.6100,1.9200
24.01.2014 00:40:17.612,1.47458,1.47258,2.5800,2.0500
24.01.2014 00:40:18.918,1.47460,1.47260,2.6500,2.0600
24.01.2014 00:40:20.516,1.47460,1.47260,1.1400,1.1600
24.01.2014 00:40:21.749,1.47460,1.47260,2.0600,1.9900
24.01.2014 00:40:23.369,1.47459,1.47259,2.1900,2.6800
24.01.2014 00:40:24.820,1.47459,1.47259,1.5900,1.6500
24.01.2014 00:40:26.081,1.47459,1.47259,2.9200,2.5000
24.01.2014 00:40:27.380,1.47461,1.47261,1.8400,2.4100
24.01.2014 00:40:28.694,1.47461,1.47261,2.9000,1.8700
24.01.2014 00:40:30.105,1.47465,1.47265,1.4800,2.2400
24.01.2014 00:40:31.609,1.47463,1.47263,2.2800,2.7700
24.01.2014 00:40:32.967,1.47463,1.47263,1.9500,2.5000
24.01.2014 00:40:34.380,1.47463,1.47263,2.1000,1.3300
24.01.2014 00:40:35.882,1.47463,1.47263,1.6100,2.7300
24.01.2014 00:40:37.405,1.47460,1.47260,2.1100,1.6900
24.01.2014 00:40:38.857,1.47454,1.47254,2.5700,2.2900
24.01.2014 00:40:40.244,1.47458,1.47258,2.3900,1.0700
24.01.2014 00:40:41.627,1.47460,1.47260,2.6100,2.4600
24.01.2014 00:40:43.095,1.47457,1.47257,1.9900,2.2500
24.01.2014 00:40:44.672,1.47459,1.47259,2.5900,1.1000
24.01.2014 00:40:45.990,1.47461,1.47261,2.1100,2.4800
24.01.2014 00:40:47.468,1.47461,1.47261,1.0200,2.5800
24.01.2014 00:40:48.916,1.47459,1.47259,2.2100,1.9000
24.01.2014 00:40:50.158,1.47461,1.47261,2.0400,1.3400
24.01.2014 00:40:51.636,1.47460,1.47260,1.7200,1.2100
24.01.2014 00:40:53.152,1.47459,1.47259,1.3200,1.9100
24.01.2014 00:40:54.647,1.47459,1.47259,2.3700,2.5400
24.01.2014 00:40:56.127,1.47456,1.47256,2.2200,1.9600
24.01.2014 00:40:57.439,1.47455,1.47255,2.8200,2.3100
24.01.2014 00:40:58.850,1.47453,1.47253,1.7000,2.9900
24.01.2014 00:41:00.177,1.47451,1.47251,2.4400,2.2700
24.01.2014 00:41:01.734,1.47451,1.47251,2.7000,1.4600
24.01.2014 00:41:03.208,1.47452,1.47252,1.2000,2.6500
24.01.2014 00:41:04.829,1.47450,1.47250,2.5000,1.8500
24.01.2014 00:41:06.294,1.47451,1.47251,1.6500,2.5500
24.01.2014 00:41:07.604,1.47451,1.47251,2.7900,1.1000
24.01.2014 00:41:08.925,1.47447,1.47247,2.1100,2.6000
24.01.2014 00:41:10.211,1.47444,1.47244,1.3800,2.3600
24.01.2014 00:41:11.749,1.47444,1.47244,1.1100,1.8900
24.01.2014 00:41:13.125,1.47445,1.47245,2.2800,2.9500
24.01.2014 00:41:14.632,1.47446,1.47246,1.2900,2.2900
24.01.2014 00:41:16.009,1.47445,1.47245,2.7100,2.2200
24.01.2014 00:41:17.432,1.47446,1.47246,2.2500,3.0000
24.01.2014 00:41:18.776,1.47447,1.47247,2.1300,1.9300
24.01.2014 00:41:20.097,1.47447,1.47247,2.5700,1.8400
24.01.2014 00:41:21.489,1.47448,1.47248,1.3100,1.3800
24.01.2014 00:41:22.899,1.47447,1.47247,2.2300,2.2700
24.01.2014 00:41:24.424,1.47445,1.47245,1.4200,2.2600
24.01.2014 00:41:25.726,1.47447,1.47247,2.6500,2.6900
24.01.2014 00:41:27.114,1.47450,1.47250,1.7700,2.0600
24.01.2014 00:41:28.394,1.47450,1.47250,1.4100,2.5100
24.01.2014 00:41:29.759,1.47448,1.47248,1.8300,2.2800
24.01.2014 00:41:31.083,1.47453,1.47253,1.8600,2.7000
24.01.2014 00:41:32.639,1.47450,1.47250,2.7400,1.6800
24.01.2014 00:41:34.043,1.47452,1.47252,1.4500,1.1000
24.01.2014 00:41:35.655,1.47452,1.47252,1.9000,3.0000
24.01.2014 00:41:37.230,1.47451,1.47251,1.4600,1.1900
24.01.2014 00:41:38.724,1.47450,1.47250,2.4300,2.3600
24.01.2014 00:41:40.132,1.47449,1.47249,2.1300,2.9000
24.01.2014 00:41:41.297,1.47447,1.47247,2.4000,1.3600
24.01.2014 00:41:42.877,1.47445,1.47245,1.5000,1.3800
24.01.2014 00:41:44.407,1.47445,1.47245,2.9100,2.9500
24.01.2014 00:41:45.884,1.47441,1.47241,2.4200,1.9600
24.01.2014 00:41:47.565,1.47442,1.47242,1.7900,2.5300
24.01.2014 00:41:48.971,1.47441,1.47241,2.1200,2.9300
24.01.2014 00:41:50.387,1.47440,1.47240,2.0600,2.8800
24.01.2014 00:41:51.993,1.47439,1.47239,1.1500,1.9000
24.01.2014 00:41:53.423,1.47438,1.47238,1.9900,1.5900
24.01.2014 00:41:54.863,1.47436,1.47236,2.4000,1.3500
24.01.2014 00:41:56.282,1.47436,1.47236,2.0800,1.0100
24.01.2014 00:41:57.898,1.47437,1.47237,2.0100,1.7100
24.01.2014 00:41:59.285,1.47437,1.47237,1.1000,2.5200
24.01.2014 00:42:00.629,1.47437,1.47237,2.0900,1.0000
24.01.2014 00:42:02.204,1.47434,1.47234,2.4900,1.2000
24.01.2014 00:42:03.602,1.47435,1.47235,1.7000,1.7200
24.01.2014 00:42:04.853,1.47436,1.47236,1.0200,2.7800
24.01.2014 00:42:06.281,1.47438,1.47238,2.6500,2.2000
24.01.2014 00:42:07.637,1.47437,1.47237,2.5300,1.4500
24.01.2014 00:42:09.156,1.47441,1.47241,1.1200,1.5000
24.01.2014 00:42:10.612,1.47441,1.47241,2.4100,1.9200
24.01.2014 00:42:11.933,1.47441,1.47241,1.1300,2.0800
24.01.2014 00:42:13.111,1.47440,1.47240,2.9600,2.7200
24.01.2014 00:42:14.353,1.47440,1.47240,1.0200,2.4700
24.01.2014 00:42:15.762,1.47439,1.47239,2.9700,1.5100
24.01.2014 00:42:17.123,1.47440,1.47240,2.0500,1.5500
24.01.2014 00:42:18.517,1.47437,1.47237,2.0600,1.9200
24.01.2014 00:42:20.000,1.47436,1.47236,1.2700,1.8200
24.01.2014 00:42:21.377,1.47439,1.47239,2.4600,2.6000
24.01.2014 00:42:22.860,1.47441,1.47241,2.7200,2.9600
24.01.2014 00:42:24.323,1.47441,1.47241,1.6500,1.5100
24.01.2014 00:42:25.604,1.47441,1.47241,1.0600,1.3000
24.01.2014 00:42:27.081,1.47439,1.47239,2.2000,2.4900
24.01.2014 00:42:28.412,1.47438,1.47238,2.5300,2.0900
24.01.2014 00:42:29.706,1.47438,1.47238,2.5700,1.2400
24.01.2014 00:42:31.111,1.47437,1.47237,1.9700,2.1400
24.01.2014 00:42:32.503,1.47435,1.47235,1.9200,2.1200
24.01.2014 00:42:33.935,1.47436,1.47236,1.0700,1.4900
24.01.2014 00:42:35.472,1.47436,1.47236,1.8100,1.2500
24.01.2014 00:42:36.866,1.47437,1.47237,1.0400,2.4600
24.01.2014 00:42:38.381,1.47437,1.47237,2.6600,2.1100
24.01.2014 00:42:39.738,1.47436,1.47236,1.0700,1.9300
24.01.2014 00:42:41.049,1.47434,1.47234,2.2700,2.2200
24.01.2014 00:42:42.493,1.47433,1.47233,2.4900,1.3100
24.01.2014 00:42:43.983,1.47430,1.47230,1.1700,2.5200
24.01.2014 00:42:45.384,1.47432,1.47232,1.4500,1.9400
24.01.2014 00:42:46.606,1.47431,1.47231,2.3600,1.5000
24.01.2014 00:42:48.025,1.47432,1.47232,1.1800,1.2400
24.01.2014 00:42:49.558,1.47429,1.47229,1.8400,2.6400
24.01.2014 00:42:50.934,1.47431,1.47231,1.2700,1.4600
24.01.2014 00:42:52.242,1.47431,1.47231,1.3000,2.6800
24.01.2014 00:42:53.456,1.47432,1.47232,1.2700,1.5600
24.01.2014 00:42:54.931,1.47431,1.47231,1.3200,2.6100
24.01.2014 00:42:56.406,1.47430,1.47230,2.6500,1.7400
24.01.2014 00:42:57.732,1.47429,1.47229,2.5200,1.0400
24.01.2014 00:42:59.176,1.47428,1.47228,1.5700,2.8600
24.01.2014 00:43:00.632,1.47429,1.47229,1.6500,1.5900
24.01.2014 00:43:02.001,1.47427,1.47227,1.3000,1.6600
24.01.2014 00:43:03.469,1.47426,1.47226,1.9800,1.0800
24.01.2014 00:43:05.053,1.47426,1.47226,1.5600,2.6200
24.01.2014 00:43:06.385,1.47427,1.47227,1.0000,2.3000
24.01.2014 00:43:07.762,1.47428,1.47228,1.7000,1.6000
24.01.2014 00:43:09.151,1.47429,1.47229,1.1800,1.9800
24.01.2014 00:43:10.509,1.47429,1.47229,2.6800,1.3600
24.01.2014 00:43:11.749,1.47433,1.47233,1.6300,1.2100
24.01.2014 00:43:13.163,1.47433,1.47233,2.3700,1.6700
