Time,Ask,Bid,AskVolume,BidVolume
15.01.2014 00:00:01.913,1.48157,1.47957,2.4300,1.6400
15.01.2014 00:00:03.331,1.48153,1.47953,2.2700,2.4200
15.01.2014 00:00:04.719,1.48153,1.47953,2.2500,1.4400
15.01.2014 00:00:06.142,1.48154,1.47954,1.0200,2.2800
15.01.2014 00:00:07.445,1.48154,1.47954,2.1600,1.1200
15.01.2014 00:00:08.844,1.48156,1.47956,1.8900,2.2300
15.01.2014 00:00:10.316,1.48158,1.47958,2.6700,2.0000
15.01.2014 00:00:11.709,1.48159,1.47959,1.6400,1.4200
15.01.2014 00:00:13.164,1.48157,1.47957,1.4500,2.1700
15.01.2014 00:00:14.729,1.48156,1.47956,2.7700,1.3800
15.01.2014 00:00:16.001,1.48159,1.47959,1.0800,1.7700
15.01.2014 00:00:17.359,1.48156,1.47956,2.6600,2.3500
15.01.2014 00:00:18.758,1.48153,1.47953,2.2600,2.3700
15.01.2014 00:00:20.101,1.48154,1.47954,1.9700,1.6000
15.01.2014 00:00:21.486,1.48151,1.47951,1.9000,1.0800
15.01.2014 00:00:22.730,1.48153,1.47953,1.6000,1.6700
15.01.2014 00:00:23.960,1.48153,1.47953,2.6700,1.3100
15.01.2014 00:00:25.414,1.48151,1.47951,1.2900,1.5900
15.01.2014 00:00:26.722,1.48153,1.47953,2.7000,1.6100
15.01.2014 00:00:28.098,1.48154,1.47954,1.7600,2.3100
15.01.2014 00:00:29.581,1.48155,1.47955,1.8100,2.1900
15.01.2014 00:00:30.882,1.48154,1.47954,2.3600,2.4000
15.01.2014 00:00:32.347,1.48154,1.47954,2.6900,2.5100
15.01.2014 00:00:33.525,1.48154,1.47954,1.1400,2.4200
15.01.2014 00:00:35.000,1.48155,1.47955,1.4900,1.2900
15.01.2014 00:00:36.373,1.48154,1.47954,2.9700,1.4500
15.01.2014 00:00:37.780,1.48155,1.47955,1.5800,2.7400
15.01.2014 00:00:39.249,1.48157,1.47957,1.6800,2.1200
15.01.2014 00:00:40.559,1.48158,1.47958,2.2300,1.9100
15.01.2014 00:00:41.780,1.48158,1.47958,1.2500,2.5200
15.01.2014 00:00:43.120,1.48159,1.47959,1.4000,1.0100
15.01.2014 00:00:44.429,1.48161,1.47961,2.1000,2.8200
15.01.2014 00:00:45.751,1.48163,1.47963,2.6700,1.7200
15.01.2014 00:00:47.071,1.48164,1.47964,2.2600,2.2000
15.01.2014 00:00:48.351,1.48161,1.47961,2.3700,1.3100
15.01.2014 00:00:49.655,1.48161,1.47961,1.9400,2.8800
15.01.2014 00:00:51.126,1.48159,1.47959,2.7800,1.4000
15.01.2014 00:00:52.594,1.48160,1.47960,1.6600,2.9300
15.01.2014 00:00:53.985,1.48158,1.47958,2.6300,2.5100
15.01.2014 00:00:55.492,1.48160,1.47960,2.5700,2.2700
15.01.2014 00:00:57.118,1.48160,1.47960,1.5900,2.2300
15.01.2014 00:00:58.499,1.48159,1.47959,2.4300,1.6300
15.01.2014 00:00:59.856,1.48161,1.47961,2.6500,3.0000
15.01.2014 00:01:01.357,1.48162,1.47962,2.8900,2.9900
15.01.2014 00:01:02.803,1.48163,1.47963,1.9300,1.8100
15.01.2014 00:01:04.313,1.48164,1.47964,1.1100,2.5400
15.01.2014 00:01:05.890,1.48164,1.47964,2.6500,1.6400
15.01.2014 00:01:07.272,1.48162,1.47962,1.9800,2.4300
15.01.2014 00:01:08.531,1.48164,1.47964,2.2400,1.4800
15.01.2014 00:01:09.930,1.48164,1.47964,2.5700,1.1600
15.01.2014 00:01:11.344,1.48165,1.47965,2.8700,2.6200
15.01.2014 00:01:12.902,1.48167,1.47967,1.3100,1.5900
15.01.2014 00:01:14.285,1.48167,1.47967,2.5300,2.3900
15.01.2014 00:01:15.665,1.48166,1.47966,1.3100,1.2600
15.01.2014 00:01:17.085,1.48167,1.47967,2.6900,1.2000
15.01.2014 00:01:18.553,1.48166,1.47966,1.3800,2.4900
15.01.2014 00:01:20.087,1.48167,1.47967,2.6500,2.3100
15.01.2014 00:01:21.728,1.48169,1.47969,2.5200,2.6400
15.01.2014 00:01:22.997,1.48168,1.47968,2.8000,1.9700
15.01.2014 00:01:24.397,1.48170,1.47970,1.5000,2.2800
15.01.2014 00:01:25.718,1.48173,1.47973,1.0700,1.0500
15.01.2014 00:01:27.148,1.48176,1.47976,1.9600,2.8800
15.01.2014 00:01:28.504,1.48179,1.47979,2.6900,1.4400
15.01.2014 00:01:29.848,1.48179,1.47979,2.5300,1.6200
15.01.2014 00:01:31.273,1.48181,1.47981,1.5400,2.1800
15.01.2014 00:01:32.787,1.48184,1.47984,2.7500,2.9400
15.01.2014 00:01:34.169,1.48181,1.47981,1.0800,2.4000
15.01.2014 00:01:35.486,1.48180,1.47980,2.7600,2.4800
15.01.2014 00:01:36.738,1.48179,1.47979,1.3100,2.6500
15.01.2014 00:01:38.239,1.48181,1.47981,2.0900,2.2200
15.01.2014 00:01:39.447,1.48182,1.47982,1.0900,2.6400
15.01.2014 00:01:40.908,1.48182,1.47982,1.9700,1.5500
15.01.2014 00:01:42.176,1.48181,1.47981,2.9200,2.6800
15.01.2014 00:01:43.478,1.48180,1.47980,2.0100,1.5500
15.01.2014 00:01:44.989,1.48179,1.47979,2.1600,1.8800
15.01.2014 00:01:46.297,1.48181,1.47981,2.3500,1.3000
15.01.2014 00:01:47.803,1.48179,1.47979,1.8800,1.7800
15.01.2014 00:01:49.390,1.48180,1.47980,2.0600,1.4000
15.01.2014 00:01:50.945,1.48179,1.47979,2.1500,1.8700
15.01.2014 00:01:52.149,1.48178,1.47978,1.7800,2.6900
15.01.2014 00:01:53.544,1.48180,1.47980,1.4400,1.5900
15.01.2014 00:01:54.840,1.48182,1.47982,2.5000,1.9300
15.01.2014 00:01:56.142,1.48185,1.47985,2.5400,1.9500
15.01.2014 00:01:57.637,1.48185,1.47985,1.6100,1.0500
15.01.2014 00:01:59.101,1.48185,1.47985,1.9100,1.1000
15.01.2014 00:02:00.580,1.48184,1.47984,2.4200,2.8400
15.01.2014 00:02:02.199,1.48184,1.47984,2.3800,1.2000
15.01.2014 00:02:03.746,1.48186,1.47986,1.5400,1.7200
15.01.2014 00:02:05.127,1.48185,1.47985,1.9700,1.7400
15.01.2014 00:02:06.436,1.48183,1.47983,1.9700,2.4000
15.01.2014 00:02:08.022,1.48186,1.47986,1.9100,2.0800
15.01.2014 00:02:09.474,1.48188,1.47988,2.9900,2.0200
15.01.2014 00:02:10.851,1.48192,1.47992,1.6000,1.3600
15.01.2014 00:02:12.158,1.48193,1.47993,2.9200,2.4600
15.01.2014 00:02:13.719,1.48195,1.47995,1.2400,2.0200
15.01.2014 00:02:15.174,1.48196,1.47996,1.0200,1.0700
15.01.2014 00:02:16.613,1.48195,1.47995,2.7400,2.4300
15.01.2014 00:02:17.988,1.48194,1.47994,1.9000,2.0900
15.01.2014 00:02:19.263,1.48193,1.47993,2.0100,2.3100
15.01.2014 00:02:20.741,1.48193,1.47993,2.7600,1.8000
15.01.2014 00:02:21.948,1.48191,1.47991,2.0700,1.2400
15.01.2014 00:02:23.387,1.48194,1.47994,2.4900,1.9200
15.01.2014 00:02:24.772,1.48197,1.47997,2.1600,2.5800
15.01.2014 00:02:26.273,1.48199,1.47999,1.6700,1.2100
15.01.2014 00:02:27.639,1.48198,1.47998,2.4000,1.0700
15.01.2014 00:02:29.070,1.48196,1.47996,2.8900,1.0300
15.01.2014 00:02:30.368,1.48197,1.47997,1.0500,1.7700
15.01.2014 00:02:31.739,1.48197,1.47997,1.5300,1.7800
15.01.2014 00:02:33.149,1.48196,1.47996,1.8100,1.7500
15.01.2014 00:02:34.611,1.48195,1.47995,2.8200,2.6600
15.01.2014 00:02:36.014,1.48198,1.47998,2.3600,2.1700
15.01.2014 00:02:37.359,1.48196,1.47996,2.0400,1.7200
15.01.2014 00:02:38.926,1.48193,1.47993,2.8100,1.5700
15.01.2014 00:02:40.321,1.48194,1.47994,1.5900,2.6600
15.01.2014 00:02:41.646,1.48195,1.47995,2.8400,1.4800
15.01.2014 00:02:42.997,1.48193,1.47993,1.1400,1.8300
15.01.2014 00:02:44.368,1.48194,1.47994,1.7100,2.6500
15.01.2014 00:02:46.064,1.48195,1.47995,1.7800,1.8600
15.01.2014 00:02:47.555,1.48195,1.47995,2.8200,1.7000
15.01.2014 00:02:48.956,1.48196,1.47996,1.2900,2.0100
15.01.2014 00:02:50.256,1.48196,1.47996,2.5000,1.4900
15.01.2014 00:02:51.812,1.48194,1.47994,2.1800,1.2900
15.01.2014 00:02:53.064,1.48195,1.47995,2.0500,1.5800
15.01.2014 00:02:54.331,1.48198,1.47998,1.4600,2.4600
15.01.2014 00:02:55.661,1.48199,1.47999,2.1600,1.7600
15.01.2014 00:02:57.189,1.48195,1.47995,2.7200,1.1400
15.01.2014 00:02:58.524,1.48197,1.47997,2.9600,2.6300
15.01.2014 00:02:59.794,1.48196,1.47996,1.5900,1.8800
15.01.2014 00:03:01.187,1.48195,1.47995,1.1700,1.2200
15.01.2014 00:03:02.628,1.48197,1.47997,1.3800,1.8900
15.01.2014 00:03:04.195,1.48197,1.47997,1.6800,2.3100
15.01.2014 00:03:05.729,1.48199,1.47999,2.9300,1.2200
15.01.2014 00:03:07.095,1.48199,1.47999,2.0600,2.7600
15.01.2014 00:03:08.503,1.48200,1.48000,1.8400,2.5900
15.01.2014 00:03:09.873,1.48200,1.48000,2.5900,2.6900
15.01.2014 00:03:11.284,1.48199,1.47999,2.8900,2.6500
15.01.2014 00:03:12.513,1.48197,1.47997,1.8300,1.7200
15.01.2014 00:03:13.899,1.48198,1.47998,1.4600,2.0800
15.01.2014 00:03:15.296,1.48197,1.47997,1.9900,2.0400
15.01.2014 00:03:16.844,1.48200,1.48000,2.1500,1.1100
15.01.2014 00:03:18.430,1.48199,1.47999,2.0100,2.0000
15.01.2014 00:03:19.712,1.48200,1.48000,2.1400,2.7500
15.01.2014 00:03:21.058,1.48196,1.47996,1.4800,1.9300
15.01.2014 00:03:22.409,1.48196,1.47996,1.2300,2.8600
15.01.2014 00:03:23.937,1.48196,1.47996,2.8000,1.0600
15.01.2014 00:03:25.277,1.48198,1.47998,1.2800,1.7300
15.01.2014 00:03:26.693,1.48198,1.47998,2.2700,1.3700
15.01.2014 00:03:28.197,1.48198,1.47998,2.9900,1.1500
15.01.2014 00:03:29.808,1.48198,1.47998,2.5000,2.7200
15.01.2014 00:03:31.156,1.48199,1.47999,2.9000,1.5200
15.01.2014 00:03:32.515,1.48196,1.47996,1.9000,1.3100
15.01.2014 00:03:33.946,1.48196,1.47996,1.2800,2.0800
15.01.2014 00:03:35.491,1.48193,1.47993,1.1500,2.0300
15.01.2014 00:03:36.859,1.48194,1.47994,2.3200,2.1000
15.01.2014 00:03:38.140,1.48193,1.47993,2.9900,2.2200
15.01.2014 00:03:39.587,1.48193,1.47993,2.4800,2.7800
15.01.2014 00:03:41.012,1.48195,1.47995,1.9400,2.8100
15.01.2014 00:03:42.338,1.48198,1.47998,2.0700,1.9900
15.01.2014 00:03:43.654,1.48199,1.47999,1.8000,1.3200
15.01.2014 00:03:45.036,1.48199,1.47999,2.3800,2.0200
15.01.2014 00:03:46.380,1.48200,1.48000,1.0600,1.0900
15.01.2014 00:03:47.823,1.48203,1.48003,1.1600,2.9600
15.01.2014 00:03:49.328,1.48206,1.48006,1.9100,2.8900
15.01.2014 00:03:50.779,1.48205,1.48005,1.6800,1.9000
15.01.2014 00:03:52.055,1.48204,1.48004,2.5100,2.0600
15.01.2014 00:03:53.487,1.48203,1.48003,2.1800,1.7300
15.01.2014 00:03:54.904,1.48204,1.48004,2.1000,1.2400
15.01.2014 00:03:56.404,1.48206,1.48006,2.2400,2.0600
15.01.2014 00:03:57.821,1.48206,1.48006,2.3900,2.6200
15.01.2014 00:03:59.275,1.48206,1.48006,1.0600,1.4000
15.01.2014 00:04:00.569,1.48206,1.48006,1.2800,2.1800
15.01.2014 00:04:01.874,1.48205,1.48005,2.5100,1.8700
15.01.2014 00:04:03.367,1.48207,1.48007,2.2800,1.6800
15.01.2014 00:04:04.756,1.48208,1.48008,1.4600,2.7500
15.01.2014 00:04:06.193,1.48205,1.48005,2.3300,1.4700
15.01.2014 00:04:07.632,1.48207,1.48007,2.9700,2.2600
15.01.2014 00:04:09.049,1.48208,1.48008,1.1800,1.7800
15.01.2014 00:04:10.494,1.48210,1.48010,2.9100,1.7800
15.01.2014 00:04:11.822,1.48214,1.48014,1.9900,2.9800
15.01.2014 00:04:13.245,1.48212,1.48012,1.0100,1.4000
15.01.2014 00:04:14.640,1.48213,1.48013,1.7400,2.6400
15.01.2014 00:04:16.131,1.48212,1.48012,2.5800,1.5100
15.01.2014 00:04:17.727,1.48213,1.48013,1.4300,1.0100
15.01.2014 00:04:19.290,1.48215,1.48015,2.8900,2.0900
15.01.2014 00:04:20.756,1.48215,1.48015,1.5900,1.2200
15.01.2014 00:04:22.240,1.48212,1.48012,1.8500,2.2900
15.01.2014 00:04:23.563,1.48211,1.48011,2.3800,2.2300
15.01.2014 00:04:25.058,1.48211,1.48011,2.3300,2.2300
15.01.2014 00:04:26.427,1.48211,1.48011,2.2900,1.6800
15.01.2014 00:04:27.842,1.48211,1.48011,1.8600,2.2700
15.01.2014 00:04:29.216,1.48213,1.48013,1.8500,2.1900
15.01.2014 00:04:30.665,1.48213,1.48013,1.2100,2.0800
15.01.2014 00:04:32.036,1.48211,1.48011,2.0400,2.4000
15.01.2014 00:04:33.244,1.48211,1.48011,1.3900,1.0200
15.01.2014 00:04:34.609,1.48210,1.48010,2.4800,2.7900
15.01.2014 00:04:36.045,1.48209,1.48009,1.0400,2.3600
15.01.2014 00:04:37.501,1.48211,1.48011,2.7100,1.0600
15.01.2014 00:04:38.957,1.48212,1.48012,2.9100,1.1500
15.01.2014 00:04:40.207,1.48212,1.48012,2.5800,1.4000
15.01.2014 00:04:41.639,1.48214,1.48014,2.6400,1.4400
15.01.2014 00:04:43.027,1.48213,1.48013,2.2500,2.8500
15.01.2014 00:04:44.446,1.48213,1.48013,1.5900,1.2000
15.01.2014 00:04:45.777,1.48212,1.48012,2.8600,1.9400
15.01.2014 00:04:47.466,1.48212,1.48012,2.2900,2.4100
15.01.2014 00:04:48.710,1.48213,1.48013,1.2000,2.8400
15.01.2014 00:04:50.283,1.48216,1.48016,1.1900,1.5700
15.01.2014 00:04:51.672,1.48214,1.48014,2.4900,1.6800
15.01.2014 00:04:53.147,1.48213,1.48013,1.1700,2.5300
15.01.2014 00:04:54.651,1.48213,1.48013,2.0000,1.0900
15.01.2014 00:04:56.117,1.48211,1.48011,1.5000,1.3100
15.01.2014 00:04:57.175,1.48210,1.48010,1.7500,2.8700
15.01.2014 00:04:58.657,1.48213,1.48013,2.5800,1.3200
15.01.2014 00:05:00.222,1.48213,1.48013,2.1000,1.9400
15.01.2014 00:05:01.750,1.48214,1.48014,1.2500,2.5200
15.01.2014 00:05:02.834,1.48212,1.48012,1.8500,2.3800
15.01.2014 00:05:04.257,1.48215,1.48015,2.1700,1.3400
15.01.2014 00:05:05.622,1.48215,1.48015,2.8800,2.4500
15.01.2014 00:05:07.060,1.48215,1.48015,2.3900,1.4300
15.01.2014 00:05:08.443,1.48216,1.48016,1.0200,2.4600
15.01.2014 00:05:09.770,1.48214,1.48014,2.8100,1.5000
15.01.2014 00:05:11.046,1.48214,1.48014,2.0100,1.7500
15.01.2014 00:05:12.412,1.48215,1.48015,1.7700,1.5900
15.01.2014 00:05:13.889,1.48216,1.48016,2.5500,1.2800
15.01.2014 00:05:15.272,1.48218,1.48018,2.8500,1.3200
15.01.2014 00:05:16.546,1.48218,1.48018,1.2600,2.2800
15.01.2014 00:05:18.092,1.48214,1.48014,1.6200,2.5200
15.01.2014 00:05:19.392,1.48213,1.48013,1.9100,2.6700
15.01.2014 00:05:20.772,1.48212,1.48012,1.5700,2.7400
15.01.2014 00:05:22.096,1.48211,1.48011,1.2900,2.6000
15.01.2014 00:05:23.545,1.48212,1.48012,1.2400,1.2300
15.01.2014 00:05:24.847,1.48211,1.48011,1.7100,2.2400
15.01.2014 00:05:26.280,1.48209,1.48009,1.1400,1.9700
15.01.2014 00:05:27.645,1.48209,1.48009,1.0900,1.0900
15.01.2014 00:05:28.954,1.48212,1.48012,2.1300,2.3000
15.01.2014 00:05:30.173,1.48211,1.48011,1.5200,2.1200
15.01.2014 00:05:31.652,1.48211,1.48011,1.3300,1.3800
15.01.2014 00:05:33.027,1.48210,1.48010,2.5000,2.5100
15.01.2014 00:05:34.604,1.48207,1.48007,1.2100,2.5700
15.01.2014 00:05:35.984,1.48208,1.48008,1.9000,2.6500
15.01.2014 00:05:37.405,1.48209,1.48009,1.4600,2.7300
15.01.2014 00:05:38.832,1.48209,1.48009,1.2200,1.6400
15.01.2014 00:05:40.022,1.48208,1.48008,1.5400,1.7900
15.01.2014 00:05:41.280,1.48207,1.48007,3.0000,2.7100
15.01.2014 00:05:42.707,1.48204,1.48004,2.6600,1.6600
15.01.2014 00:05:44.060,1.48205,1.48005,2.2600,2.7800
15.01.2014 00:05:45.380,1.48204,1.48004,2.6700,1.6600
15.01.2014 00:05:47.011,1.48204,1.48004,2.3900,2.8200
15.01.2014 00:05:48.571,1.48204,1.48004,1.3500,2.2000
15.01.2014 00:05:50.075,1.48201,1.48001,1.9000,2.1000
15.01.2014 00:05:51.557,1.48202,1.48002,1.8100,2.2600
15.01.2014 00:05:53.064,1.48202,1.48002,1.8700,2.3000
15.01.2014 00:05:54.455,1.48203,1.48003,1.9700,1.8000
15.01.2014 00:05:55.987,1.48203,1.48003,2.7600,1.4700
15.01.2014 00:05:57.438,1.48203,1.48003,2.3300,1.3600
15.01.2014 00:05:58.750,1.48202,1.48002,1.6900,2.6100
15.01.2014 00:06:00.113,1.48203,1.48003,2.9300,1.4300
15.01.2014 00:06:01.403,1.48202,1.48002,2.5200,1.3100
15.01.2014 00:06:02.758,1.48202,1.48002,1.6600,2.3200
15.01.2014 00:06:04.047,1.48203,1.48003,1.0700,1.7200
15.01.2014 00:06:05.499,1.48205,1.48005,2.0200,1.8300
15.01.2014 00:06:06.895,1.48203,1.48003,1.4700,1.9800
15.01.2014 00:06:08.282,1.48202,1.48002,2.7000,2.8700
15.01.2014 00:06:09.764,1.48201,1.48001,1.6100,3.0000
15.01.2014 00:06:11.236,1.48198,1.47998,2.1600,2.4800
15.01.2014 00:06:12.706,1.48197,1.47997,1.9200,1.0800
15.01.2014 00:06:14.284,1.48198,1.47998,1.5700,2.4900
15.01.2014 00:06:15.564,1.48199,1.47999,1.2900,1.1900
15.01.2014 00:06:17.065,1.48198,1.47998,1.1400,2.3000
15.01.2014 00:06:18.430,1.48197,1.47997,1.2200,2.1700
15.01.2014 00:06:19.807,1.48199,1.47999,2.9200,2.5200
15.01.2014 00:06:21.249,1.48201,1.48001,1.1400,2.7000
15.01.2014 00:06:22.691,1.48200,1.48000,2.9100,2.1400
15.01.2014 00:06:24.224,1.48202,1.48002,1.9600,2.8300
15.01.2014 00:06:25.714,1.48203,1.48003,2.8400,2.9700
15.01.2014 00:06:27.098,1.48203,1.48003,1.7500,2.6700
15.01.2014 00:06:28.710,1.48200,1.48000,2.8400,2.5400
15.01.2014 00:06:30.076,1.48200,1.48000,2.4000,1.0200
15.01.2014 00:06:31.568,1.48199,1.47999,1.5300,1.0500
15.01.2014 00:06:32.956,1.48199,1.47999,2.3600,2.7300
15.01.2014 00:06:34.381,1.48201,1.48001,2.0300,2.4200
15.01.2014 00:06:35.730,1.48202,1.48002,1.3700,2.5700
15.01.2014 00:06:37.268,1.48202,1.48002,1.3500,1.6000
15.01.2014 00:06:38.565,1.48204,1.48004,2.0400,1.8300
15.01.2014 00:06:39.897,1.48204,1.48004,1.6800,1.3200
15.01.2014 00:06:41.234,1.48203,1.48003,1.0500,1.3000
15.01.2014 00:06:42.520,1.48204,1.48004,2.9600,1.3400
15.01.2014 00:06:43.809,1.48205,1.48005,1.3600,2.9000
15.01.2014 00:06:45.185,1.48205,1.48005,2.4700,1.2600
15.01.2014 00:06:46.696,1.48207,1.48007,2.5900,1.4800
15.01.2014 00:06:48.114,1.48207,1.48007,1.2200,2.7900
15.01.2014 00:06:49.485,1.48206,1.48006,1.9900,1.6700
15.01.2014 00:06:50.905,1.48207,1.48007,2.0300,2.5500
15.01.2014 00:06:52.260,1.48209,1.48009,2.2400,2.0700
15.01.2014 00:06:53.684,1.48209,1.48009,2.7100,2.4200
15.01.2014 00:06:55.047,1.48208,1.48008,2.9400,1.9000
15.01.2014 00:06:56.442,1.48205,1.48005,2.8900,1.8800
15.01.2014 00:06:57.764,1.48208,1.48008,1.8900,2.8200
15.01.2014 00:06:59.072,1.48210,1.48010,1.9400,1.4800
15.01.2014 00:07:00.556,1.48208,1.48008,2.4800,1.1500
15.01.2014 00:07:01.928,1.48210,1.48010,1.7200,1.6900
15.01.2014 00:07:03.441,1.48210,1.48010,2.3800,1.6500
15.01.2014 00:07:04.695,1.48209,1.48009,2.8700,2.1400
15.01.2014 00:07:06.152,1.48211,1.48011,1.8600,2.3800
15.01.2014 00:07:07.673,1.48210,1.48010,1.1600,2.4100
15.01.2014 00:07:09.224,1.48208,1.48008,1.4100,1.3400
15.01.2014 00:07:10.580,1.48208,1.48008,2.0000,1.7700
15.01.2014 00:07:11.813,1.48207,1.48007,2.4300,1.5300
15.01.2014 00:07:13.227,1.48211,1.48011,1.3400,1.2600
15.01.2014 00:07:14.780,1.48209,1.48009,2.8900,2.7800
15.01.2014 00:07:16.270,1.48210,1.48010,1.4500,2.6000
15.01.2014 00:07:17.541,1.48210,1.48010,2.5300,1.0500
15.01.2014 00:07:18.828,1.48210,1.48010,2.0300,1.8300
15.01.2014 00:07:20.252,1.48212,1.48012,1.5000,1.0600
15.01.2014 00:07:21.815,1.48211,1.48011,2.8100,1.0600
15.01.2014 00:07:23.172,1.48211,1.48011,1.4100,2.9800
15.01.2014 00:07:24.594,1.48207,1.48007,1.4600,1.0200
15.01.2014 00:07:26.006,1.48210,1.48010,1.2300,1.8300
15.01.2014 00:07:27.373,1.48212,1.48012,1.7800,2.4900
15.01.2014 00:07:28.659,1.48213,1.48013,1.0400,1.5100
15.01.2014 00:07:30.120,1.48210,1.48010,1.6200,2.9300
15.01.2014 00:07:31.571,1.48212,1.48012,1.1400,2.9200
15.01.2014 00:07:32.954,1.48214,1.48014,2.5000,1.6200
15.01.2014 00:07:34.524,1.48215,1.48015,2.6500,1.4200
15.01.2014 00:07:35.901,1.48214,1.48014,2.0300,2.9000
15.01.2014 00:07:37.261,1.48216,1.48016,2.8500,1.7400
15.01.2014 00:07:38.612,1.48217,1.48017,1.9700,2.1800
15.01.2014 00:07:40.002,1.48217,1.48017,1.7100,1.3600
15.01.2014 00:07:41.415,1.48219,1.48019,1.8000,2.9000
15.01.2014 00:07:42.953,1.48219,1.48019,2.0400,1.8500
15.01.2014 00:07:44.179,1.48218,1.48018,2.5700,2.3100
15.01.2014 00:07:45.650,1.48217,1.48017,2.0800,1.5800
15.01.2014 00:07:47.109,1.48218,1.48018,2.0200,2.2100
15.01.2014 00:07:48.548,1.48219,1.48019,1.9200,2.7400
15.01.2014 00:07:49.782,1.48217,1.48017,2.4900,2.8500
15.01.2014 00:07:51.192,1.48216,1.48016,1.9900,2.6200
15.01.2014 00:07:52.662,1.48215,1.48015,2.8800,2.9000
15.01.2014 00:07:54.039,1.48216,1.48016,2.3600,1.9700
15.01.2014 00:07:55.520,1.48218,1.48018,2.5800,1.6800
15.01.2014 00:07:56.861,1.48215,1.48015,1.9500,1.6800
15.01.2014 00:07:58.282,1.48213,1.48013,1.1900,1.6700
15.01.2014 00:07:59.644,1.48215,1.48015,1.3200,2.3600
15.01.2014 00:08:01.016,1.48217,1.48017,1.4200,1.9600
15.01.2014 00:08:02.491,1.48218,1.48018,2.1700,1.4800
15.01.2014 00:08:03.994,1.48220,1.48020,2.1800,1.2900
15.01.2014 00:08:05.464,1.48222,1.48022,1.7200,1.2000
15.01.2014 00:08:06.615,1.48224,1.48024,2.8600,1.2800
15.01.2014 00:08:08.054,1.48225,1.48025,2.8200,1.3000
15.01.2014 00:08:09.481,1.48225,1.48025,1.4100,2.4700
15.01.2014 00:08:10.619,1.48227,1.48027,2.4600,2.8200
15.01.2014 00:08:12.019,1.48229,1.48029,2.4400,2.1700
15.01.2014 00:08:13.353,1.48227,1.48027,2.2600,1.7900
15.01.2014 00:08:14.763,1.48225,1.48025,1.5100,1.3400
15.01.2014 00:08:16.123,1.48226,1.48026,2.4100,1.7800
15.01.2014 00:08:17.531,1.48225,1.48025,2.1000,2.8400
15.01.2014 00:08:18.961,1.48224,1.48024,1.4300,2.8900
15.01.2014 00:08:20.295,1.48226,1.48026,1.0100,2.1100
15.01.2014 00:08:21.567,1.48226,1.48026,2.7100,2.1200
15.01.2014 00:08:23.001,1.48224,1.48024,1.1400,1.3600
15.01.2014 00:08:24.216,1.48223,1.48023,1.3700,1.7600
15.01.2014 00:08:25.675,1.48221,1.48021,2.4300,2.2800
15.01.2014 00:08:26.989,1.48219,1.48019,2.6300,1.3800
15.01.2014 00:08:28.431,1.48219,1.48019,2.8600,2.3700
15.01.2014 00:08:29.878,1.48219,1.48019,1.1500,2.4800
15.01.2014 00:08:31.305,1.48221,1.48021,2.5800,2.9500
15.01.2014 00:08:32.582,1.48221,1.48021,2.1900,1.4100
15.01.2014 00:08:33.973,1.48223,1.48023,2.5800,1.3900
15.01.2014 00:08:35.323,1.48223,1.48023,2.7500,1.0400
15.01.2014 00:08:37.009,1.48223,1.48023,2.9500,2.5200
15.01.2014 00:08:38.402,1.48222,1.48022,1.7000,2.7700
15.01.2014 00:08:39.818,1.48221,1.48021,2.7400,2.8600
15.01.2014 00:08:41.081,1.48219,1.48019,2.9800,2.9900
15.01.2014 00:08:42.499,1.48218,1.48018,1.1300,2.2800
15.01.2014 00:08:43.945,1.48217,1.48017,1.8300,2.4300
15.01.2014 00:08:45.445,1.48216,1.48016,1.0700,2.4300
15.01.2014 00:08:47.004,1.48215,1.48015,1.3800,1.6800
15.01.2014 00:08:48.497,1.48216,1.48016,2.2600,2.7400
15.01.2014 00:08:50.130,1.48216,1.48016,2.2700,2.2500
15.01.2014 00:08:51.479,1.48218,1.48018,2.0400,2.6300
15.01.2014 00:08:52.790,1.48217,1.48017,1.7600,2.9600
15.01.2014 00:08:54.154,1.48218,1.48018,2.2100,1.3700
15.01.2014 00:08:55.473,1.48217,1.48017,2.6900,2.0400
15.01.2014 00:08:56.955,1.48218,1.48018,2.0100,1.8000
15.01.2014 00:08:58.304,1.48221,1.48021,1.9500,2.0000
15.01.2014 00:08:59.696,1.48222,1.48022,2.3500,2.5500
15.01.2014 00:09:01.050,1.48220,1.48020,2.1000,1.7000
15.01.2014 00:09:02.568,1.48220,1.48020,2.0300,1.9400
15.01.2014 00:09:04.066,1.48222,1.48022,2.4200,2.7400
15.01.2014 00:09:05.359,1.48221,1.48021,2.8400,1.7600
15.01.2014 00:09:06.762,1.48221,1.48021,2.5000,1.4700
15.01.2014 00:09:08.157,1.48221,1.48021,2.4800,2.6200
15.01.2014 00:09:09.697,1.48221,1.48021,2.4600,1.3600
15.01.2014 00:09:11.044,1.48223,1.48023,1.8500,2.0800
15.01.2014 00:09:12.295,1.48224,1.48024,2.8000,2.2600
15.01.2014 00:09:13.526,1.48225,1.48025,1.2600,2.8900
15.01.2014 00:09:14.763,1.48225,1.48025,1.3400,2.2200
15.01.2014 00:09:16.209,1.48225,1.48025,2.7900,2.8600
15.01.2014 00:09:17.562,1.48225,1.48025,1.9300,2.1800
15.01.2014 00:09:18.776,1.48227,1.48027,2.2600,2.6600
15.01.2014 00:09:20.152,1.48225,1.48025,1.6100,1.6400
15.01.2014 00:09:21.464,1.48228,1.48028,1.8100,1.1000
15.01.2014 00:09:22.956,1.48227,1.48027,1.0800,2.3500
15.01.2014 00:09:24.384,1.48225,1.48025,2.8400,1.7500
15.01.2014 00:09:25.766,1.48228,1.48028,1.3900,2.3500
15.01.2014 00:09:27.129,1.48228,1.48028,2.3900,2.9800
15.01.2014 00:09:28.447,1.48228,1.48028,1.3300,2.4500
15.01.2014 00:09:29.849,1.48227,1.48027,2.9700,1.9600
15.01.2014 00:09:31.317,1.48228,1.48028,2.3100,1.5900
15.01.2014 00:09:32.710,1.48229,1.48029,2.8600,2.1000
15.01.2014 00:09:34.118,1.48228,1.48028,2.4500,2.7700
15.01.2014 00:09:35.547,1.48228,1.48028,2.8600,2.1200
15.01.2014 00:09:37.137,1.48226,1.48026,2.7300,2.1800
15.01.2014 00:09:38.655,1.48228,1.48028,2.6600,2.2700
15.01.2014 00:09:40.023,1.48225,1.48025,1.3100,1.7900
15.01.2014 00:09:41.359,1.48225,1.48025,2.7100,2.6300
15.01.2014 00:09:42.796,1.48222,1.48022,2.1900,2.3000
15.01.2014 00:09:44.221,1.48222,1.48022,1.0900,2.2400
15.01.2014 00:09:45.558,1.48221,1.48021,1.2500,2.2500
15.01.2014 00:09:46.959,1.48223,1.48023,2.6300,2.1600
15.01.2014 00:09:48.232,1.48222,1.48022,2.0600,2.7500
15.01.2014 00:09:49.488,1.48223,1.48023,2.9800,2.7900
15.01.2014 00:09:50.812,1.48223,1.48023,1.4800,1.7100
15.01.2014 00:09:52.242,1.48225,1.48025,1.5100,1.8200
15.01.2014 00:09:53.754,1.48220,1.48020,1.6100,1.7300
15.01.2014 00:09:55.127,1.48221,1.48021,1.5000,2.6200
15.01.2014 00:09:56.444,1.48220,1.48020,2.4400,1.4800
15.01.2014 00:09:57.888,1.48221,1.48021,2.1500,1.7900
15.01.2014 00:09:59.222,1.48221,1.48021,2.7400,1.7700
15.01.2014 00:10:00.515,1.48220,1.48020,1.6000,2.6200
15.01.2014 00:10:01.929,1.48222,1.48022,1.8600,2.4600
15.01.2014 00:10:03.223,1.48222,1.48022,1.2600,2.6900
15.01.2014 00:10:04.684,1.48221,1.48021,2.5800,1.2600
15.01.2014 00:10:05.834,1.48222,1.48022,1.4200,1.2700
15.01.2014 00:10:07.443,1.48221,1.48021,2.2600,1.0700
15.01.2014 00:10:09.039,1.48222,1.48022,2.7900,2.8800
15.01.2014 00:10:10.380,1.48221,1.48021,1.9000,1.7000
15.01.2014 00:10:11.688,1.48223,1.48023,2.5700,1.2700
15.01.2014 00:10:13.003,1.48224,1.48024,1.7900,1.9200
15.01.2014 00:10:14.309,1.48225,1.48025,1.8700,2.6700
15.01.2014 00:10:15.571,1.48228,1.48028,2.9800,2.8300
15.01.2014 00:10:17.036,1.48228,1.48028,1.5200,2.9500
15.01.2014 00:10:18.351,1.48229,1.48029,2.8300,1.7900
15.01.2014 00:10:19.793,1.48228,1.48028,1.6900,2.4100
15.01.2014 00:10:21.121,1.48229,1.48029,2.0800,2.6100
15.01.2014 00:10:22.496,1.48227,1.48027,1.4000,2.6400
15.01.2014 00:10:23.968,1.48225,1.48025,2.3400,1.4900
15.01.2014 00:10:25.397,1.48225,1.48025,1.7400,1.9600
15.01.2014 00:10:26.651,1.48225,1.48025,1.6100,1.0200
15.01.2014 00:10:28.055,1.48225,1.48025,1.8800,2.2100
15.01.2014 00:10:29.637,1.48224,1.48024,2.6100,1.6300
15.01.2014 00:10:31.055,1.48222,1.48022,1.6900,1.2000
15.01.2014 00:10:32.626,1.48223,1.48023,2.8700,1.0100
15.01.2014 00:10:33.832,1.48223,1.48023,1.4800,1.4100
15.01.2014 00:10:35.312,1.48222,1.48022,2.3100,1.0800
15.01.2014 00:10:36.612,1.48222,1.48022,2.7200,1.0600
15.01.2014 00:10:37.983,1.48223,1.48023,1.7000,2.9200
15.01.2014 00:10:39.408,1.48224,1.48024,2.8400,2.6900
15.01.2014 00:10:40.826,1.48222,1.48022,2.1200,2.7000
15.01.2014 00:10:42.232,1.48225,1.48025,2.1500,1.4500
15.01.2014 00:10:43.686,1.48224,1.48024,1.8600,2.3400
15.01.2014 00:10:45.227,1.48223,1.48023,2.6400,1.8700
15.01.2014 00:10:46.627,1.48223,1.48023,2.5800,1.2400
15.01.2014 00:10:47.936,1.48224,1.48024,1.4100,1.4400
15.01.2014 00:10:49.267,1.48224,1.48024,1.4800,2.1800
15.01.2014 00:10:50.831,1.48227,1.48027,2.3500,1.1500
15.01.2014 00:10:51.992,1.48228,1.48028,2.1200,2.7100
15.01.2014 00:10:53.412,1.48228,1.48028,1.8600,1.3200
15.01.2014 00:10:54.577,1.48228,1.48028,2.1900,1.9800
15.01.2014 00:10:56.076,1.48227,1.48027,2.9000,2.6100
15.01.2014 00:10:57.584,1.48227,1.48027,1.9900,2.1200
15.01.2014 00:10:59.130,1.48225,1.48025,2.0900,2.0800
15.01.2014 00:11:00.396,1.48225,1.48025,1.3800,2.4800
15.01.2014 00:11:01.859,1.48224,1.48024,1.3900,1.3200
15.01.2014 00:11:03.152,1.48224,1.48024,2.8600,1.6900
15.01.2014 00:11:04.522,1.48225,1.48025,1.6000,2.2400
15.01.2014 00:11:05.921,1.48224,1.48024,1.7400,1.1500
15.01.2014 00:11:07.425,1.48222,1.48022,2.7700,2.8700
15.01.2014 00:11:08.830,1.48221,1.48021,2.0700,2.9000
15.01.2014 00:11:10.413,1.48220,1.48020,1.2100,2.9400
15.01.2014 00:11:11.678,1.48218,1.48018,1.0900,2.1800
15.01.2014 00:11:12.890,1.48219,1.48019,2.1100,2.7300
15.01.2014 00:11:14.292,1.48218,1.48018,2.7600,2.9600
15.01.2014 00:11:15.646,1.48219,1.48019,2.7100,2.7900
15.01.2014 00:11:17.215,1.48221,1.48021,1.6900,1.9400
15.01.2014 00:11:18.596,1.48225,1.48025,2.2900,2.2700
15.01.2014 00:11:19.898,1.48224,1.48024,1.2900,2.6900
15.01.2014 00:11:21.291,1.48224,1.48024,2.8600,1.8000
15.01.2014 00:11:22.645,1.48223,1.48023,2.1700,2.0200
15.01.2014 00:11:23.952,1.48224,1.48024,1.0500,1.9300
15.01.2014 00:11:25.420,1.48224,1.48024,2.4300,1.9700
15.01.2014 00:11:26.829,1.48221,1.48021,2.3700,1.4600
15.01.2014 00:11:28.393,1.48221,1.48021,2.6900,2.1300
15.01.2014 00:11:29.703,1.48217,1.48017,1.3300,2.5600
15.01.2014 00:11:31.074,1.48215,1.48015,1.2500,2.5700
15.01.2014 00:11:32.535,1.48214,1.48014,1.3200,1.1600
15.01.2014 00:11:33.898,1.48214,1.48014,2.2900,1.9700
15.01.2014 00:11:35.200,1.48212,1.48012,1.7400,1.0600
15.01.2014 00:11:36.558,1.48214,1.48014,1.1000,1.3600
15.01.2014 00:11:37.970,1.48213,1.48013,1.1000,1.2500
15.01.2014 00:11:39.423,1.48211,1.48011,1.5300,2.7500
15.01.2014 00:11:40.841,1.48212,1.48012,1.2100,1.6200
15.01.2014 00:11:42.462,1.48212,1.48012,2.2600,3.0000
15.01.2014 00:11:43.776,1.48208,1.48008,2.9600,2.3200
15.01.2014 00:11:45.247,1.48207,1.48007,2.4800,2.6800
15.01.2014 00:11:46.591,1.48207,1.48007,2.0400,1.2300
15.01.2014 00:11:47.884,1.48205,1.48005,1.4900,2.3800
15.01.2014 00:11:49.311,1.48205,1.48005,1.6300,2.8600
15.01.2014 00:11:50.750,1.48204,1.48004,2.5700,2.5200
15.01.2014 00:11:52.126,1.48204,1.48004,1.4300,2.3400
15.01.2014 00:11:53.586,1.48206,1.48006,2.0500,2.6900
15.01.2014 00:11:54.983,1.48206,1.48006,2.6700,2.0500
15.01.2014 00:11:56.250,1.48207,1.48007,2.0300,1.8400
15.01.2014 00:11:57.731,1.48206,1.48006,1.2500,1.8700
15.01.2014 00:11:59.144,1.48206,1.48006,1.6000,2.7800
15.01.2014 00:12:00.457,1.48205,1.48005,2.2400,2.2800
15.01.2014 00:12:02.069,1.48207,1.48007,2.2900,1.2200
15.01.2014 00:12:03.383,1.48207,1.48007,2.7900,2.4800
15.01.2014 00:12:04.786,1.48206,1.48006,2.6200,2.0700
15.01.2014 00:12:06.188,1.48205,1.48005,2.0400,1.8800
15.01.2014 00:12:07.533,1.48204,1.48004,2.0300,2.7600
15.01.2014 00:12:08.948,1.48207,1.48007,2.8600,1.5600
15.01.2014 00:12:10.313,1.48208,1.48008,1.8800,2.6300
15.01.2014 00:12:11.816,1.48205,1.48005,1.7900,2.6800
15.01.2014 00:12:13.295,1.48207,1.48007,2.3200,1.5400
15.01.2014 00:12:14.642,1.48207,1.48007,1.7000,1.4100
15.01.2014 00:12:16.027,1.48207,1.48007,2.3100,1.8700
15.01.2014 00:12:17.491,1.48209,1.48009,1.0100,1.6000
15.01.2014 00:12:18.984,1.48213,1.48013,1.8900,2.3600
15.01.2014 00:12:20.409,1.48211,1.48011,1.2600,1.0900
15.01.2014 00:12:21.672,1.48211,1.48011,1.0000,1.8300
15.01.2014 00:12:23.014,1.48213,1.48013,1.1400,2.8400
15.01.2014 00:12:24.251,1.48212,1.48012,1.3200,1.2300
15.01.2014 00:12:25.575,1.48209,1.48009,1.5100,1.8900
15.01.2014 00:12:26.887,1.48207,1.48007,1.0900,2.7400
15.01.2014 00:12:28.429,1.48206,1.48006,2.1200,1.8200
15.01.2014 00:12:29.896,1.48204,1.48004,2.1300,2.3700
15.01.2014 00:12:31.306,1.48202,1.48002,2.5300,1.5700
15.01.2014 00:12:32.678,1.48200,1.48000,2.2900,1.5700
15.01.2014 00:12:34.142,1.48201,1.48001,1.6500,1.6000
15.01.2014 00:12:35.436,1.48200,1.48000,1.2800,2.1400
15.01.2014 00:12:36.974,1.48203,1.48003,2.6700,1.1600
15.01.2014 00:12:38.416,1.48201,1.48001,2.5800,2.9200
15.01.2014 00:12:39.776,1.48203,1.48003,2.9600,1.0500
15.01.2014 00:12:41.093,1.48205,1.48005,2.6700,2.3600
15.01.2014 00:12:42.394,1.48205,1.48005,2.5800,1.0900
15.01.2014 00:12:43.802,1.48203,1.48003,1.7800,1.3200
15.01.2014 00:12:45.272,1.48204,1.48004,1.8600,2.0200
15.01.2014 00:12:46.673,1.48206,1.48006,1.1800,1.4000
15.01.2014 00:12:48.075,1.48206,1.48006,2.8100,1.7500
15.01.2014 00:12:49.459,1.48206,1.48006,1.2300,2.5100
15.01.2014 00:12:50.946,1.48207,1.48007,1.2200,1.9600
15.01.2014 00:12:52.312,1.48207,1.48007,2.7800,2.0300
15.01.2014 00:12:53.811,1.48208,1.48008,1.9200,1.0600
15.01.2014 00:12:55.151,1.48207,1.48007,1.0600,2.8700
15.01.2014 00:12:56.505,1.48208,1.48008,2.7800,2.6100
15.01.2014 00:12:57.834,1.48207,1.48007,2.8600,1.9500
15.01.2014 00:12:59.114,1.48208,1.48008,2.9600,1.3400
15.01.2014 00:13:00.445,1.48206,1.48006,1.6900,2.4000
15.01.2014 00:13:01.743,1.48208,1.48008,2.3600,1.1100
15.01.2014 00:13:03.097,1.48210,1.48010,2.3300,1.9900
15.01.2014 00:13:04.759,1.48207,1.48007,2.9400,1.2000
15.01.2014 00:13:06.241,1.48206,1.48006,1.2300,2.7400
15.01.2014 00:13:07.744,1.48205,1.48005,2.5900,1.9900
15.01.2014 00:13:09.065,1.48204,1.48004,1.9100,1.6500
15.01.2014 00:13:10.431,1.48203,1.48003,1.7600,1.0400
15.01.2014 00:13:11.684,1.48206,1.48006,2.0500,2.6500
15.01.2014 00:13:12.983,1.48206,1.48006,1.9800,2.8600
15.01.2014 00:13:14.439,1.48204,1.48004,1.6600,2.6400
15.01.2014 00:13:15.834,1.48205,1.48005,2.7000,2.1400
15.01.2014 00:13:17.321,1.48205,1.48005,1.8500,1.4400
15.01.2014 00:13:18.721,1.48205,1.48005,2.4600,1.2400
15.01.2014 00:13:20.068,1.48204,1.48004,1.0900,1.0400
15.01.2014 00:13:21.550,1.48205,1.48005,1.8500,2.1000
15.01.2014 00:13:23.003,1.48206,1.48006,1.0800,1.1300
15.01.2014 00:13:24.463,1.48207,1.48007,1.5100,2.4900
15.01.2014 00:13:25.900,1.48206,1.48006,1.8400,2.2000
15.01.2014 00:13:27.385,1.48204,1.48004,1.3600,2.3100
15.01.2014 00:13:28.890,1.48203,1.48003,1.9800,2.8900
15.01.2014 00:13:30.268,1.48205,1.48005,2.5900,1.7200
15.01.2014 00:13:31.634,1.48204,1.48004,1.3000,2.7800
15.01.2014 00:13:33.168,1.48204,1.48004,2.9400,2.3400
15.01.2014 00:13:34.649,1.48202,1.48002,1.0400,2.8700
15.01.2014 00:13:36.222,1.48203,1.48003,2.0700,2.9800
15.01.2014 00:13:37.571,1.48202,1.48002,1.2700,2.9000
15.01.2014 00:13:39.131,1.48204,1.48004,1.0900,1.8800
15.01.2014 00:13:40.481,1.48203,1.48003,2.4000,2.8700
15.01.2014 00:13:41.863,1.48204,1.48004,1.3300,2.3000
15.01.2014 00:13:43.148,1.48203,1.48003,1.8400,1.5300
15.01.2014 00:13:44.627,1.48203,1.48003,2.8200,1.7400
15.01.2014 00:13:46.028,1.48205,1.48005,2.0300,1.1200
15.01.2014 00:13:47.571,1.48207,1.48007,2.1200,2.8500
15.01.2014 00:13:49.012,1.48210,1.48010,2.1300,1.9900
15.01.2014 00:13:50.537,1.48212,1.48012,1.9100,2.5100
15.01.2014 00:13:51.847,1.48211,1.48011,2.2400,1.9800
15.01.2014 00:13:53.269,1.48213,1.48013,2.4500,1.8000
15.01.2014 00:13:54.802,1.48212,1.48012,1.4400,2.6600
15.01.2014 00:13:56.373,1.48211,1.48011,1.7700,1.2500
15.01.2014 00:13:57.805,1.48211,1.48011,1.1000,2.7000
15.01.2014 00:13:59.376,1.48207,1.48007,2.4800,1.6000
15.01.2014 00:14:00.703,1.48207,1.48007,2.0800,1.7900
15.01.2014 00:14:02.180,1.48210,1.48010,2.7100,2.5200
15.01.2014 00:14:03.580,1.48211,1.48011,1.5700,1.7600
15.01.2014 00:14:04.833,1.48208,1.48008,1.0500,1.3800
15.01.2014 00:14:06.190,1.48206,1.48006,2.3800,1.2500
15.01.2014 00:14:07.420,1.48205,1.48005,2.8000,2.3400
15.01.2014 00:14:08.883,1.48205,1.48005,2.6500,1.9400
15.01.2014 00:14:10.325,1.48204,1.48004,2.0800,1.8500
15.01.2014 00:14:11.663,1.48202,1.48002,2.6400,1.4100
15.01.2014 00:14:13.110,1.48204,1.48004,2.2300,1.8600
15.01.2014 00:14:14.667,1.48203,1.48003,1.4600,1.2700
15.01.2014 00:14:16.083,1.48203,1.48003,1.8400,2.2700
15.01.2014 00:14:17.437,1.48203,1.48003,1.8800,1.7500
15.01.2014 00:14:18.882,1.48203,1.48003,2.0000,1.4500
15.01.2014 00:14:20.170,1.48203,1.48003,2.3100,1.5000
15.01.2014 00:14:21.543,1.48204,1.48004,2.3600,1.0300
15.01.2014 00:14:22.786,1.48201,1.48001,1.4600,2.8800
15.01.2014 00:14:24.268,1.48198,1.47998,2.7500,1.1600
15.01.2014 00:14:25.687,1.48198,1.47998,1.1000,1.3800
15.01.2014 00:14:27.142,1.48199,1.47999,2.8200,1.8100
15.01.2014 00:14:28.418,1.48201,1.48001,2.5800,2.7500
15.01.2014 00:14:29.794,1.48199,1.47999,2.8200,1.3300
15.01.2014 00:14:31.087,1.48200,1.48000,2.5600,2.7100
15.01.2014 00:14:32.524,1.48202,1.48002,1.8200,2.4800
15.01.2014 00:14:33.959,1.48202,1.48002,2.8300,2.4700
15.01.2014 00:14:35.291,1.48201,1.48001,1.3100,1.8000
15.01.2014 00:14:36.757,1.48202,1.48002,2.5500,2.4300
15.01.2014 00:14:38.268,1.48205,1.48005,1.9500,1.9400
15.01.2014 00:14:39.760,1.48204,1.48004,2.2800,1.2300
15.01.2014 00:14:41.178,1.48201,1.48001,2.7800,2.0000
15.01.2014 00:14:42.468,1.48201,1.48001,2.3100,2.1300
15.01.2014 00:14:43.819,1.48200,1.48000,2.0900,1.5400
15.01.2014 00:14:45.173,1.48201,1.48001,1.1100,2.3200
15.01.2014 00:14:46.539,1.48200,1.48000,1.6000,2.8800
15.01.2014 00:14:48.022,1.48203,1.48003,1.9400,2.5100
15.01.2014 00:14:49.347,1.48202,1.48002,2.9900,1.4600
15.01.2014 00:14:50.813,1.48201,1.48001,2.6400,2.1600
15.01.2014 00:14:52.099,1.48201,1.48001,1.3600,1.8600
15.01.2014 00:14:53.411,1.48201,1.48001,2.7400,1.0200
15.01.2014 00:14:54.906,1.48203,1.48003,3.0000,1.9400
15.01.2014 00:14:56.278,1.48204,1.48004,1.8500,2.7200
15.01.2014 00:14:57.581,1.48202,1.48002,2.1800,1.3500
15.01.2014 00:14:58.854,1.48202,1.48002,2.3300,2.1900
15.01.2014 00:15:00.304,1.48202,1.48002,1.2200,2.6700
15.01.2014 00:15:01.776,1.48202,1.48002,2.1100,2.7200
15.01.2014 00:15:03.077,1.48202,1.48002,1.0200,2.4800
15.01.2014 00:15:04.613,1.48202,1.48002,1.0100,2.2900
15.01.2014 00:15:06.148,1.48200,1.48000,1.5900,1.4000
15.01.2014 00:15:07.496,1.48200,1.48000,2.8100,1.2100
15.01.2014 00:15:09.000,1.48198,1.47998,2.2700,1.3600
15.01.2014 00:15:10.449,1.48198,1.47998,2.1400,1.5700
15.01.2014 00:15:11.969,1.48195,1.47995,1.0400,2.9400
15.01.2014 00:15:13.343,1.48194,1.47994,1.3700,1.7700
15.01.2014 00:15:14.653,1.48195,1.47995,2.8100,2.0500
15.01.2014 00:15:15.988,1.48196,1.47996,1.5100,2.7100
15.01.2014 00:15:17.499,1.48199,1.47999,2.4900,2.9400
15.01.2014 00:15:18.934,1.48199,1.47999,2.2200,1.1400
15.01.2014 00:15:20.318,1.48200,1.48000,1.5200,2.0800
15.01.2014 00:15:21.605,1.48200,1.48000,1.1200,2.4500
15.01.2014 00:15:22.955,1.48200,1.48000,1.7600,1.7400
15.01.2014 00:15:24.388,1.48201,1.48001,1.4500,2.8100
15.01.2014 00:15:26.019,1.48204,1.48004,2.1100,2.3500
15.01.2014 00:15:27.429,1.48205,1.48005,2.7600,2.4400
15.01.2014 00:15:28.797,1.48201,1.48001,2.5200,1.3600
15.01.2014 00:15:30.291,1.48205,1.48005,1.7100,1.2800
15.01.2014 00:15:31.606,1.48207,1.48007,2.2200,1.0300
15.01.2014 00:15:32.898,1.48206,1.48006,2.5900,1.7300
15.01.2014 00:15:34.369,1.48206,1.48006,1.2600,2.5900
15.01.2014 00:15:35.719,1.48206,1.48006,1.1500,1.1300
15.01.2014 00:15:36.987,1.48206,1.48006,1.8300,2.3500
15.01.2014 00:15:38.462,1.48206,1.48006,1.2400,2.8000
15.01.2014 00:15:39.801,1.48203,1.48003,1.2600,1.1100
15.01.2014 00:15:41.455,1.48203,1.48003,1.5500,1.9600
15.01.2014 00:15:42.839,1.48204,1.48004,2.4000,2.4200
15.01.2014 00:15:44.282,1.48202,1.48002,2.2900,2.9700
15.01.2014 00:15:45.685,1.48201,1.48001,1.5900,1.8800
15.01.2014 00:15:47.153,1.48203,1.48003,1.2000,1.4700
15.01.2014 00:15:48.471,1.48203,1.48003,1.4800,2.6800
15.01.2014 00:15:49.849,1.48205,1.48005,2.5900,1.1800
15.01.2014 00:15:51.241,1.48205,1.48005,1.3900,1.5600
15.01.2014 00:15:52.726,1.48205,1.48005,1.5300,1.8200
15.01.2014 00:15:54.191,1.48203,1.48003,2.9200,1.7400
15.01.2014 00:15:55.601,1.48199,1.47999,1.7600,2.7000
15.01.2014 00:15:56.928,1.48196,1.47996,2.2900,1.7800
15.01.2014 00:15:58.281,1.48199,1.47999,2.6400,2.9200
15.01.2014 00:15:59.799,1.48195,1.47995,1.8900,2.8200
15.01.2014 00:16:01.238,1.48194,1.47994,2.7600,2.0300
15.01.2014 00:16:02.701,1.48193,1.47993,1.2500,2.0500
15.01.2014 00:16:04.210,1.48194,1.47994,1.5700,2.4900
15.01.2014 00:16:05.560,1.48192,1.47992,1.5000,2.1600
15.01.2014 00:16:06.816,1.48191,1.47991,1.3500,2.0800
15.01.2014 00:16:08.181,1.48193,1.47993,2.6400,2.3600
15.01.2014 00:16:09.569,1.48191,1.47991,1.4000,2.3200
15.01.2014 00:16:10.922,1.48192,1.47992,1.2200,1.1700
15.01.2014 00:16:12.264,1.48193,1.47993,2.1600,1.8700
15.01.2014 00:16:13.708,1.48193,1.47993,2.8200,1.4200
15.01.2014 00:16:14.969,1.48192,1.47992,1.9100,1.2500
15.01.2014 00:16:16.364,1.48191,1.47991,2.9300,2.2100
15.01.2014 00:16:17.826,1.48193,1.47993,2.7100,2.5000
15.01.2014 00:16:19.426,1.48192,1.47992,2.8300,1.9700
15.01.2014 00:16:20.834,1.48192,1.47992,1.1100,2.7000
15.01.2014 00:16:22.257,1.48193,1.47993,1.0800,2.0800
15.01.2014 00:16:23.662,1.48193,1.47993,2.9100,1.4800
15.01.2014 00:16:25.166,1.48191,1.47991,1.7700,2.5400
15.01.2014 00:16:26.639,1.48191,1.47991,1.5500,2.0300
15.01.2014 00:16:28.002,1.48193,1.47993,2.8900,1.7300
15.01.2014 00:16:29.380,1.48191,1.47991,2.7700,1.5100
15.01.2014 00:16:31.010,1.48187,1.47987,1.8900,2.1600
15.01.2014 00:16:32.255,1.48186,1.47986,1.3400,2.4600
15.01.2014 00:16:33.724,1.48187,1.47987,1.9800,1.4600
15.01.2014 00:16:34.991,1.48187,1.47987,2.7000,2.4300
15.01.2014 00:16:36.579,1.48184,1.47984,1.0400,1.3300
15.01.2014 00:16:37.991,1.48184,1.47984,1.5500,1.0300
15.01.2014 00:16:39.313,1.48184,1.47984,2.3900,2.8500
15.01.2014 00:16:40.675,1.48183,1.47983,1.4900,2.1300
15.01.2014 00:16:42.020,1.48180,1.47980,1.9900,1.0900
15.01.2014 00:16:43.544,1.48178,1.47978,1.6700,1.1500
15.01.2014 00:16:44.887,1.48175,1.47975,2.1100,2.9700
15.01.2014 00:16:46.401,1.48177,1.47977,2.8400,2.7300
15.01.2014 00:16:47.744,1.48175,1.47975,2.3100,2.2800
15.01.2014 00:16:49.293,1.48172,1.47972,2.5800,1.8700
15.01.2014 00:16:50.739,1.48174,1.47974,1.2500,1.9600
15.01.2014 00:16:52.152,1.48172,1.47972,2.3400,1.5500
15.01.2014 00:16:53.557,1.48175,1.47975,2.1200,2.4000
15.01.2014 00:16:54.968,1.48176,1.47976,2.3000,2.9900
15.01.2014 00:16:56.336,1.48173,1.47973,1.5200,1.1400
15.01.2014 00:16:57.845,1.48171,1.47971,2.0200,1.1000
15.01.2014 00:16:59.196,1.48171,1.47971,1.2300,1.6000
15.01.2014 00:17:00.386,1.48172,1.47972,1.1300,1.2100
15.01.2014 00:17:01.807,1.48173,1.47973,2.0200,1.6000
15.01.2014 00:17:03.072,1.48173,1.47973,2.7300,2.5000
15.01.2014 00:17:04.494,1.48174,1.47974,1.3600,1.7200
15.01.2014 00:17:05.917,1.48172,1.47972,1.5500,1.0900
15.01.2014 00:17:07.524,1.48171,1.47971,1.0900,2.5400
15.01.2014 00:17:08.821,1.48171,1.47971,1.0500,1.5100
15.01.2014 00:17:10.305,1.48173,1.47973,1.6500,2.2600
15.01.2014 00:17:11.815,1.48169,1.47969,2.4300,1.0600
15.01.2014 00:17:13.151,1.48169,1.47969,2.1800,2.1200
15.01.2014 00:17:14.543,1.48169,1.47969,1.2700,2.7400
15.01.2014 00:17:15.998,1.48169,1.47969,1.5200,1.9200
15.01.2014 00:17:17.303,1.48171,1.47971,2.6900,2.1800
15.01.2014 00:17:18.813,1.48171,1.47971,2.9600,2.8200
15.01.2014 00:17:20.057,1.48170,1.47970,1.4700,2.9700
15.01.2014 00:17:21.415,1.48169,1.47969,2.8400,1.9500
15.01.2014 00:17:22.844,1.48167,1.47967,2.0400,1.5500
15.01.2014 00:17:24.265,1.48165,1.47965,2.4900,2.0300
15.01.2014 00:17:25.657,1.48166,1.47966,1.7500,1.6700
15.01.2014 00:17:27.036,1.48168,1.47968,2.9900,2.0000
15.01.2014 00:17:28.444,1.48167,1.47967,1.5700,3.0000
15.01.2014 00:17:29.552,1.48167,1.47967,2.8900,1.6500
15.01.2014 00:17:31.078,1.48166,1.47966,1.6500,1.3000
15.01.2014 00:17:32.478,1.48165,1.47965,1.1600,1.0100
15.01.2014 00:17:33.865,1.48166,1.47966,2.1700,1.3100
15.01.2014 00:17:35.258,1.48169,1.47969,2.3800,2.2700
15.01.2014 00:17:36.569,1.48169,1.47969,1.4200,1.1000
15.01.2014 00:17:37.964,1.48169,1.47969,1.0800,1.9700
15.01.2014 00:17:39.322,1.48168,1.47968,2.2400,2.1400
15.01.2014 00:17:40.526,1.48170,1.47970,1.5700,1.7600
15.01.2014 00:17:41.900,1.48171,1.47971,2.7500,1.1300
15.01.2014 00:17:43.168,1.48171,1.47971,1.8600,1.9700
15.01.2014 00:17:44.577,1.48171,1.47971,1.3200,2.0400
15.01.2014 00:17:45.910,1.48173,1.47973,2.1500,1.7900
15.01.2014 00:17:47.191,1.48172,1.47972,1.9700,2.7000
15.01.2014 00:17:48.541,1.48173,1.47973,2.1600,1.2000
15.01.2014 00:17:50.041,1.48175,1.47975,2.4900,2.5000
15.01.2014 00:17:51.469,1.48173,1.47973,2.5000,1.6400
15.01.2014 00:17:52.746,1.48173,1.47973,1.8500,2.6100
15.01.2014 00:17:54.306,1.48175,1.47975,1.5500,1.9900
15.01.2014 00:17:55.795,1.48173,1.47973,1.9100,1.8700
15.01.2014 00:17:57.045,1.48175,1.47975,3.0000,2.8700
15.01.2014 00:17:58.256,1.48175,1.47975,1.5700,2.1900
15.01.2014 00:17:59.534,1.48176,1.47976,1.4300,2.4200
15.01.2014 00:18:00.909,1.48175,1.47975,2.3300,2.7700
15.01.2014 00:18:02.306,1.48176,1.47976,2.4600,1.8300
15.01.2014 00:18:03.741,1.48174,1.47974,1.2200,2.7400
15.01.2014 00:18:05.329,1.48173,1.47973,1.6700,1.1600
15.01.2014 00:18:06.694,1.48175,1.47975,1.0900,2.9700
15.01.2014 00:18:08.066,1.48173,1.47973,2.5300,2.9500
15.01.2014 00:18:09.350,1.48174,1.47974,2.3400,1.5900
15.01.2014 00:18:10.855,1.48175,1.47975,2.6500,2.0600
15.01.2014 00:18:12.383,1.48173,1.47973,1.5100,2.5300
15.01.2014 00:18:13.813,1.48172,1.47972,2.4000,2.6200
15.01.2014 00:18:15.278,1.48173,1.47973,2.4900,1.0400
15.01.2014 00:18:16.733,1.48173,1.47973,2.0400,2.4900
15.01.2014 00:18:18.078,1.48175,1.47975,2.3400,2.9500
15.01.2014 00:18:19.573,1.48173,1.47973,2.4900,2.9000
15.01.2014 00:18:20.927,1.48173,1.47973,1.2000,1.7600
15.01.2014 00:18:22.343,1.48175,1.47975,2.5300,1.6100
15.01.2014 00:18:23.766,1.48175,1.47975,1.4300,1.5400
15.01.2014 00:18:25.247,1.48175,1.47975,2.8900,2.2000
15.01.2014 00:18:26.590,1.48176,1.47976,1.6100,1.5100
15.01.2014 00:18:27.996,1.48175,1.47975,2.9800,2.3100
15.01.2014 00:18:29.522,1.48173,1.47973,1.7400,1.6700
15.01.2014 00:18:31.061,1.48172,1.47972,2.4900,2.8700
15.01.2014 00:18:32.466,1.48171,1.47971,2.6000,1.4600
15.01.2014 00:18:34.052,1.48172,1.47972,1.6400,2.2200
15.01.2014 00:18:35.414,1.48174,1.47974,2.1600,2.3200
15.01.2014 00:18:36.860,1.48175,1.47975,1.5500,2.8700
15.01.2014 00:18:38.317,1.48175,1.47975,1.7700,1.6300
15.01.2014 00:18:39.452,1.48175,1.47975,2.7800,2.2800
15.01.2014 00:18:40.781,1.48175,1.47975,1.0800,1.3600
15.01.2014 00:18:42.245,1.48174,1.47974,2.5600,1.5900
15.01.2014 00:18:43.705,1.48175,1.47975,1.2000,2.6200
15.01.2014 00:18:45.124,1.48176,1.47976,1.5700,2.0900
15.01.2014 00:18:46.405,1.48175,1.47975,1.1400,2.8600
15.01.2014 00:18:47.858,1.48176,1.47976,2.1200,1.9200
15.01.2014 00:18:49.241,1.48174,1.47974,2.4700,2.8600
15.01.2014 00:18:50.718,1.48173,1.47973,2.9000,2.3600
15.01.2014 00:18:52.128,1.48172,1.47972,2.6300,2.8600
15.01.2014 00:18:53.522,1.48172,1.47972,2.1600,1.5600
15.01.2014 00:18:55.043,1.48170,1.47970,1.0000,2.9200
15.01.2014 00:18:56.320,1.48169,1.47969,1.1100,2.7100
15.01.2014 00:18:57.788,1.48167,1.47967,2.4600,2.4200
15.01.2014 00:18:59.164,1.48169,1.47969,1.6300,1.5300
15.01.2014 00:19:00.411,1.48170,1.47970,2.6200,1.0600
15.01.2014 00:19:01.893,1.48171,1.47971,2.5000,1.1200
15.01.2014 00:19:03.179,1.48171,1.47971,2.8700,2.7500
15.01.2014 00:19:04.578,1.48171,1.47971,1.7500,2.0800
15.01.2014 00:19:06.175,1.48169,1.47969,1.2700,1.7500
15.01.2014 00:19:07.606,1.48169,1.47969,1.4200,1.1500
15.01.2014 00:19:09.103,1.48169,1.47969,1.5700,2.0700
15.01.2014 00:19:10.494,1.48171,1.47971,2.6000,1.5300
15.01.2014 00:19:11.780,1.48170,1.47970,2.6700,1.7300
15.01.2014 00:19:13.171,1.48170,1.47970,1.6800,1.0400
15.01.2014 00:19:14.615,1.48169,1.47969,1.6100,1.4000
15.01.2014 00:19:16.073,1.48171,1.47971,1.1800,2.2700
15.01.2014 00:19:17.605,1.48173,1.47973,2.6600,2.5900
15.01.2014 00:19:18.987,1.48172,1.47972,1.7000,1.0400
15.01.2014 00:19:20.401,1.48172,1.47972,2.9000,1.7100
15.01.2014 00:19:21.756,1.48171,1.47971,2.8900,1.1600
15.01.2014 00:19:23.178,1.48171,1.47971,1.0100,1.3500
15.01.2014 00:19:24.647,1.48171,1.47971,2.5200,2.1300
15.01.2014 00:19:25.855,1.48168,1.47968,1.5600,2.2100
15.01.2014 00:19:27.399,1.48170,1.47970,1.3600,2.3300
15.01.2014 00:19:28.880,1.48172,1.47972,2.8800,2.9000
15.01.2014 00:19:30.293,1.48174,1.47974,2.0800,1.2900
15.01.2014 00:19:31.738,1.48172,1.47972,1.7500,1.2900
15.01.2014 00:19:33.302,1.48174,1.47974,2.8600,1.4100
15.01.2014 00:19:34.614,1.48176,1.47976,1.3700,2.3000
15.01.2014 00:19:35.816,1.48179,1.47979,1.8100,1.2000
15.01.2014 00:19:37.236,1.48178,1.47978,1.0600,1.8700
15.01.2014 00:19:38.597,1.48180,1.47980,1.8800,1.3800
15.01.2014 00:19:39.859,1.48180,1.47980,2.1500,1.3200
15.01.2014 00:19:41.391,1.48181,1.47981,2.9300,1.9400
15.01.2014 00:19:42.670,1.48182,1.47982,2.1000,1.1300
15.01.2014 00:19:43.980,1.48180,1.47980,2.7700,2.7700
15.01.2014 00:19:45.419,1.48177,1.47977,1.9100,2.3200
15.01.2014 00:19:46.706,1.48178,1.47978,2.1800,2.7600
15.01.2014 00:19:48.064,1.48180,1.47980,2.1100,2.7500
15.01.2014 00:19:49.503,1.48178,1.47978,2.3800,2.9900
15.01.2014 00:19:50.957,1.48178,1.47978,1.1300,2.9100
15.01.2014 00:19:52.287,1.48177,1.47977,2.2600,2.0900
15.01.2014 00:19:53.569,1.48178,1.47978,2.0600,1.7600
15.01.2014 00:19:54.858,1.48177,1.47977,1.4200,2.6000
15.01.2014 00:19:56.249,1.48176,1.47976,1.1700,2.9100
15.01.2014 00:19:57.690,1.48175,1.47975,2.9500,2.6600
15.01.2014 00:19:58.991,1.48175,1.47975,2.4600,2.6000
15.01.2014 00:20:00.325,1.48174,1.47974,1.0300,2.9700
15.01.2014 00:20:01.756,1.48173,1.47973,2.3400,2.5900
15.01.2014 00:20:03.231,1.48174,1.47974,2.4600,2.7800
15.01.2014 00:20:04.740,1.48175,1.47975,2.6600,2.3000
15.01.2014 00:20:05.873,1.48176,1.47976,2.3500,1.8100
15.01.2014 00:20:07.406,1.48177,1.47977,2.4200,1.1700
15.01.2014 00:20:08.852,1.48178,1.47978,1.7100,2.4600
15.01.2014 00:20:10.356,1.48176,1.47976,1.9000,1.4900
15.01.2014 00:20:11.914,1.48176,1.47976,2.9600,2.9500
15.01.2014 00:20:13.526,1.48178,1.47978,2.8600,1.9600
15.01.2014 00:20:14.974,1.48182,1.47982,1.5800,1.4300
15.01.2014 00:20:16.490,1.48182,1.47982,2.7900,2.8100
15.01.2014 00:20:18.043,1.48183,1.47983,1.1200,1.5200
15.01.2014 00:20:19.376,1.48186,1.47986,1.3900,1.5900
15.01.2014 00:20:20.780,1.48188,1.47988,2.3200,2.6400
15.01.2014 00:20:22.276,1.48190,1.47990,1.1600,2.0700
15.01.2014 00:20:23.861,1.48186,1.47986,1.6400,1.8800
15.01.2014 00:20:25.287,1.48188,1.47988,2.6300,1.8900
15.01.2014 00:20:26.618,1.48189,1.47989,2.1700,2.1100
15.01.2014 00:20:27.957,1.48186,1.47986,2.5200,1.7100
15.01.2014 00:20:29.468,1.48185,1.47985,2.3600,1.5800
15.01.2014 00:20:30.764,1.48186,1.47986,2.6900,2.9500
15.01.2014 00:20:32.068,1.48185,1.47985,2.0900,2.9500
15.01.2014 00:20:33.593,1.48188,1.47988,1.6500,1.7800
15.01.2014 00:20:34.930,1.48188,1.47988,2.4300,1.6900
15.01.2014 00:20:36.344,1.48187,1.47987,2.3900,1.4100
15.01.2014 00:20:37.778,1.48188,1.47988,2.1700,1.3900
15.01.2014 00:20:39.192,1.48189,1.47989,1.1400,1.7200
15.01.2014 00:20:40.754,1.48188,1.47988,2.0200,1.1900
15.01.2014 00:20:41.914,1.48189,1.47989,1.5600,1.8400
15.01.2014 00:20:43.115,1.48187,1.47987,2.3000,2.4500
15.01.2014 00:20:44.468,1.48188,1.47988,1.9200,1.1600
15.01.2014 00:20:45.933,1.48189,1.47989,2.9100,2.7400
15.01.2014 00:20:47.388,1.48191,1.47991,1.2700,2.5900
15.01.2014 00:20:48.792,1.48193,1.47993,1.9700,2.8600
15.01.2014 00:20:50.085,1.48191,1.47991,2.3100,1.4600
15.01.2014 00:20:51.417,1.48190,1.47990,1.7200,1.2300
15.01.2014 00:20:52.708,1.48190,1.47990,1.3800,2.4000
15.01.2014 00:20:54.002,1.48194,1.47994,1.4000,1.6300
15.01.2014 00:20:55.342,1.48193,1.47993,1.3200,2.6100
15.01.2014 00:20:56.683,1.48192,1.47992,2.2300,2.8700
15.01.2014 00:20:58.121,1.48193,1.47993,1.0200,2.1700
15.01.2014 00:20:59.600,1.48192,1.47992,2.8700,2.6600
15.01.2014 00:21:01.025,1.48190,1.47990,2.4500,1.7700
15.01.2014 00:21:02.358,1.48192,1.47992,2.3200,2.3900
15.01.2014 00:21:03.809,1.48188,1.47988,1.0500,1.4900
15.01.2014 00:21:05.270,1.48188,1.47988,1.3400,2.4800
15.01.2014 00:21:06.711,1.48188,1.47988,2.7900,2.9800
15.01.2014 00:21:08.125,1.48187,1.47987,1.5000,2.7600
15.01.2014 00:21:09.677,1.48186,1.47986,1.8100,2.1800
15.01.2014 00:21:11.158,1.48186,1.47986,1.1500,2.6000
15.01.2014 00:21:12.389,1.48187,1.47987,1.2700,2.5200
15.01.2014 00:21:13.676,1.48185,1.47985,2.3400,2.7300
15.01.2014 00:21:14.998,1.48185,1.47985,2.4300,1.6100
15.01.2014 00:21:16.352,1.48180,1.47980,2.2900,2.3600
15.01.2014 00:21:17.763,1.48180,1.47980,2.5200,2.0200
15.01.2014 00:21:19.043,1.48181,1.47981,2.7400,1.7200
15.01.2014 00:21:20.372,1.48182,1.47982,2.7900,2.7500
15.01.2014 00:21:21.733,1.48181,1.47981,1.4200,2.1300
15.01.2014 00:21:23.102,1.48181,1.47981,2.7000,2.6500
15.01.2014 00:21:24.242,1.48180,1.47980,1.2500,2.3900
15.01.2014 00:21:25.588,1.48177,1.47977,2.0100,2.8400
15.01.2014 00:21:26.940,1.48178,1.47978,2.9100,2.4800
15.01.2014 00:21:28.296,1.48180,1.47980,2.3600,2.1000
15.01.2014 00:21:29.730,1.48182,1.47982,3.0000,1.5000
15.01.2014 00:21:31.221,1.48184,1.47984,1.9200,2.0900
15.01.2014 00:21:32.670,1.48184,1.47984,2.0600,1.4700
15.01.2014 00:21:34.066,1.48184,1.47984,2.2100,1.5700
15.01.2014 00:21:35.629,1.48184,1.47984,2.2700,1.2300
15.01.2014 00:21:37.184,1.48182,1.47982,1.0300,1.4800
15.01.2014 00:21:38.501,1.48183,1.47983,1.2400,2.6200
15.01.2014 00:21:39.713,1.48183,1.47983,2.4400,1.5400
15.01.2014 00:21:41.113,1.48183,1.47983,2.9600,1.1900
15.01.2014 00:21:42.534,1.48181,1.47981,1.3500,1.6300
15.01.2014 00:21:43.975,1.48181,1.47981,1.3000,2.0300
15.01.2014 00:21:45.365,1.48181,1.47981,2.9600,1.9400
15.01.2014 00:21:46.589,1.48181,1.47981,1.8300,1.2900
15.01.2014 00:21:48.087,1.48181,1.47981,2.3700,1.7400
15.01.2014 00:21:49.573,1.48182,1.47982,2.3100,2.4300
15.01.2014 00:21:50.924,1.48184,1.47984,1.1500,1.9100
15.01.2014 00:21:52.362,1.48183,1.47983,2.6200,2.7300
15.01.2014 00:21:53.808,1.48186,1.47986,2.9600,1.4100
15.01.2014 00:21:55.093,1.48184,1.47984,1.9000,2.3900
15.01.2014 00:21:56.483,1.48182,1.47982,2.1500,2.9200
15.01.2014 00:21:57.834,1.48181,1.47981,1.5900,1.6700
15.01.2014 00:21:59.239,1.48186,1.47986,2.7500,2.5100
15.01.2014 00:22:00.642,1.48186,1.47986,2.3400,1.9500
15.01.2014 00:22:02.109,1.48186,1.47986,1.7700,1.2500
15.01.2014 00:22:03.552,1.48187,1.47987,1.2100,1.9800
15.01.2014 00:22:05.082,1.48186,1.47986,2.8700,1.3200
15.01.2014 00:22:06.321,1.48186,1.47986,1.7600,2.0300
15.01.2014 00:22:07.833,1.48189,1.47989,1.1900,1.6900
15.01.2014 00:22:09.316,1.48187,1.47987,2.8500,1.0600
15.01.2014 00:22:10.682,1.48183,1.47983,1.3600,2.5400
15.01.2014 00:22:11.985,1.48183,1.47983,1.6500,1.8400
15.01.2014 00:22:13.275,1.48183,1.47983,2.8800,1.8000
15.01.2014 00:22:14.645,1.48182,1.47982,2.8900,1.9300
15.01.2014 00:22:16.065,1.48184,1.47984,2.5600,2.6300
15.01.2014 00:22:17.546,1.48186,1.47986,1.0500,1.8500
15.01.2014 00:22:18.841,1.48184,1.47984,2.5000,2.2800
15.01.2014 00:22:20.192,1.48182,1.47982,1.3000,1.6000
15.01.2014 00:22:21.651,1.48182,1.47982,2.3300,1.4000
15.01.2014 00:22:22.960,1.48182,1.47982,1.6600,1.3700
15.01.2014 00:22:24.154,1.48181,1.47981,2.6200,2.5200
15.01.2014 00:22:25.531,1.48182,1.47982,2.4300,2.8800
15.01.2014 00:22:27.025,1.48184,1.47984,2.1600,1.9300
15.01.2014 00:22:28.505,1.48187,1.47987,1.3900,1.7200
15.01.2014 00:22:29.863,1.48187,1.47987,2.6500,1.1300
15.01.2014 00:22:31.074,1.48185,1.47985,1.8700,2.5200
15.01.2014 00:22:32.515,1.48187,1.47987,1.8300,2.8900
15.01.2014 00:22:33.752,1.48187,1.47987,2.0700,1.0100
15.01.2014 00:22:35.137,1.48187,1.47987,1.6300,2.4600
15.01.2014 00:22:36.707,1.48186,1.47986,1.3000,1.4300
15.01.2014 00:22:38.373,1.48187,1.47987,2.8500,2.0000
15.01.2014 00:22:39.687,1.48189,1.47989,2.3000,1.9900
15.01.2014 00:22:41.077,1.48188,1.47988,2.8900,2.9700
15.01.2014 00:22:42.613,1.48188,1.47988,2.7200,2.3000
15.01.2014 00:22:44.011,1.48190,1.47990,1.6200,2.5800
15.01.2014 00:22:45.501,1.48189,1.47989,1.4600,2.7400
15.01.2014 00:22:46.758,1.48190,1.47990,1.9800,2.3000
15.01.2014 00:22:48.259,1.48190,1.47990,2.5700,2.6900
15.01.2014 00:22:49.503,1.48188,1.47988,1.6800,2.2300
15.01.2014 00:22:51.045,1.48186,1.47986,2.9400,2.4600
15.01.2014 00:22:52.456,1.48187,1.47987,1.0500,1.6700
15.01.2014 00:22:53.892,1.48185,1.47985,1.5600,2.5100
15.01.2014 00:22:55.382,1.48188,1.47988,1.3000,2.7100
15.01.2014 00:22:56.739,1.48187,1.47987,2.1100,1.4700
15.01.2014 00:22:58.348,1.48188,1.47988,1.1600,1.5100
15.01.2014 00:22:59.861,1.48185,1.47985,1.4900,2.0400
15.01.2014 00:23:01.429,1.48185,1.47985,2.3900,1.2100
15.01.2014 00:23:02.660,1.48186,1.47986,2.3500,1.6600
15.01.2014 00:23:04.084,1.48184,1.47984,2.4600,1.7300
15.01.2014 00:23:05.568,1.48186,1.47986,2.3400,2.0000
15.01.2014 00:23:07.311,1.48184,1.47984,1.4600,2.5400
15.01.2014 00:23:08.837,1.48187,1.47987,2.5300,2.1500
15.01.2014 00:23:10.219,1.48187,1.47987,2.1200,2.9000
15.01.2014 00:23:11.674,1.48187,1.47987,1.6400,1.6400
15.01.2014 00:23:13.073,1.48187,1.47987,2.0800,2.5700
15.01.2014 00:23:14.578,1.48184,1.47984,1.2600,2.8300
15.01.2014 00:23:16.025,1.48184,1.47984,2.0000,1.8800
15.01.2014 00:23:17.405,1.48186,1.47986,1.8200,1.8500
15.01.2014 00:23:18.720,1.48185,1.47985,1.1800,2.5500
15.01.2014 00:23:20.047,1.48186,1.47986,2.1800,2.8900
15.01.2014 00:23:21.594,1.48188,1.47988,1.8600,1.2800
15.01.2014 00:23:22.993,1.48189,1.47989,1.5700,1.9600
15.01.2014 00:23:24.428,1.48189,1.47989,1.4800,1.6500
15.01.2014 00:23:25.792,1.48188,1.47988,2.6400,2.7600
15.01.2014 00:23:27.191,1.48188,1.47988,1.5300,2.1700
15.01.2014 00:23:28.782,1.48188,1.47988,1.2700,1.9800
15.01.2014 00:23:30.302,1.48188,1.47988,2.4700,2.4500
15.01.2014 00:23:31.774,1.48188,1.47988,2.0000,1.8100
15.01.2014 00:23:33.301,1.48188,1.47988,2.1300,2.4600
15.01.2014 00:23:34.923,1.48190,1.47990,2.6200,1.1700
15.01.2014 00:23:36.263,1.48191,1.47991,1.0800,1.7700
15.01.2014 00:23:37.607,1.48191,1.47991,2.9700,2.0900
15.01.2014 00:23:39.064,1.48191,1.47991,2.7800,2.6500
15.01.2014 00:23:40.467,1.48191,1.47991,2.7300,2.5500
15.01.2014 00:23:41.869,1.48193,1.47993,1.3200,1.0100
15.01.2014 00:23:43.251,1.48192,1.47992,1.7900,2.8900
15.01.2014 00:23:44.523,1.48194,1.47994,1.4800,1.6100
15.01.2014 00:23:45.933,1.48193,1.47993,1.3200,2.0900
15.01.2014 00:23:47.357,1.48195,1.47995,2.6300,1.4300
15.01.2014 00:23:48.686,1.48194,1.47994,2.0900,2.9300
15.01.2014 00:23:49.990,1.48193,1.47993,1.1800,2.5600
15.01.2014 00:23:51.480,1.48190,1.47990,1.4800,1.9900
15.01.2014 00:23:53.009,1.48191,1.47991,2.7800,1.8300
15.01.2014 00:23:54.356,1.48192,1.47992,1.7000,2.9900
15.01.2014 00:23:55.881,1.48192,1.47992,1.1000,2.0200
15.01.2014 00:23:57.386,1.48192,1.47992,1.5100,2.2000
15.01.2014 00:23:58.682,1.48193,1.47993,2.1400,1.3300
15.01.2014 00:24:00.147,1.48192,1.47992,1.2500,1.7900
15.01.2014 00:24:01.548,1.48193,1.47993,2.6400,1.9800
15.01.2014 00:24:03.066,1.48193,1.47993,1.3700,2.9500
15.01.2014 00:24:04.450,1.48191,1.47991,1.0400,1.6200
15.01.2014 00:24:05.877,1.48193,1.47993,2.4900,1.8300
15.01.2014 00:24:07.315,1.48193,1.47993,2.0300,1.7200
15.01.2014 00:24:08.683,1.48194,1.47994,2.0800,2.5600
15.01.2014 00:24:10.148,1.48196,1.47996,1.4800,1.1500
15.01.2014 00:24:11.702,1.48193,1.47993,2.4200,1.2200
15.01.2014 00:24:13.140,1.48193,1.47993,2.8100,1.9000
15.01.2014 00:24:14.474,1.48196,1.47996,2.9300,1.2300
15.01.2014 00:24:15.953,1.48197,1.47997,2.6600,2.4700
15.01.2014 00:24:17.411,1.48197,1.47997,2.9900,1.4000
15.01.2014 00:24:18.777,1.48198,1.47998,1.2300,2.3400
15.01.2014 00:24:20.378,1.48196,1.47996,2.9600,2.8600
15.01.2014 00:24:21.860,1.48197,1.47997,1.8000,1.1600
15.01.2014 00:24:23.284,1.48195,1.47995,1.8800,2.2900
15.01.2014 00:24:24.634,1.48196,1.47996,2.7800,2.5500
15.01.2014 00:24:26.058,1.48191,1.47991,2.0400,2.0500
15.01.2014 00:24:27.472,1.48191,1.47991,2.6900,2.9500
15.01.2014 00:24:28.819,1.48191,1.47991,1.8700,2.3900
15.01.2014 00:24:30.096,1.48190,1.47990,1.0800,1.8600
15.01.2014 00:24:31.569,1.48190,1.47990,1.5100,2.1700
15.01.2014 00:24:32.972,1.48189,1.47989,2.3700,1.6800
15.01.2014 00:24:34.276,1.48187,1.47987,2.4100,2.6300
15.01.2014 00:24:35.562,1.48186,1.47986,2.0900,1.0100
15.01.2014 00:24:36.780,1.48187,1.47987,2.3800,1.4900
15.01.2014 00:24:38.269,1.48186,1.47986,2.2300,1.0500
15.01.2014 00:24:39.573,1.48186,1.47986,2.8700,1.3600
15.01.2014 00:24:40.960,1.48185,1.47985,1.7000,1.9700
15.01.2014 00:24:42.315,1.48182,1.47982,1.6100,1.8500
15.01.2014 00:24:43.803,1.48184,1.47984,2.5500,1.2200
15.01.2014 00:24:45.272,1.48185,1.47985,2.5800,2.7000
15.01.2014 00:24:46.690,1.48187,1.47987,2.3700,1.8100
15.01.2014 00:24:48.093,1.48189,1.47989,1.1600,1.3900
15.01.2014 00:24:49.512,1.48191,1.47991,1.3300,1.0600
15.01.2014 00:24:50.997,1.48191,1.47991,2.0600,1.9500
15.01.2014 00:24:52.424,1.48191,1.47991,1.2500,1.2500
15.01.2014 00:24:53.924,1.48190,1.47990,2.8700,1.0300
15.01.2014 00:24:55.132,1.48190,1.47990,1.4500,1.3600
15.01.2014 00:24:56.653,1.48189,1.47989,1.3200,1.2500
15.01.2014 00:24:58.183,1.48186,1.47986,2.6500,2.4500
15.01.2014 00:24:59.461,1.48184,1.47984,2.5900,2.0800
15.01.2014 00:25:00.726,1.48185,1.47985,1.4800,2.3000
15.01.2014 00:25:02.312,1.48185,1.47985,1.5500,2.2300
15.01.2014 00:25:03.635,1.48183,1.47983,2.1400,2.7800
15.01.2014 00:25:04.993,1.48184,1.47984,2.8100,2.6000
15.01.2014 00:25:06.480,1.48185,1.47985,1.3400,2.4100
15.01.2014 00:25:07.833,1.48187,1.47987,2.2200,1.5300
15.01.2014 00:25:09.377,1.48186,1.47986,2.1700,1.7900
15.01.2014 00:25:10.824,1.48188,1.47988,1.3800,2.6200
15.01.2014 00:25:12.177,1.48188,1.47988,2.9800,2.3500
15.01.2014 00:25:13.588,1.48188,1.47988,2.9000,1.6300
15.01.2014 00:25:14.825,1.48189,1.47989,1.6000,2.6600
15.01.2014 00:25:16.324,1.48187,1.47987,2.8200,1.6400
15.01.2014 00:25:17.809,1.48188,1.47988,2.9400,2.9600
15.01.2014 00:25:19.010,1.48187,1.47987,2.0800,1.5200
15.01.2014 00:25:20.325,1.48184,1.47984,1.6300,1.2700
15.01.2014 00:25:21.690,1.48183,1.47983,2.5100,1.4400
15.01.2014 00:25:22.962,1.48182,1.47982,2.3000,2.1100
15.01.2014 00:25:24.416,1.48181,1.47981,1.4600,2.0600
15.01.2014 00:25:25.865,1.48184,1.47984,1.0400,1.6500
15.01.2014 00:25:27.184,1.48184,1.47984,2.3300,2.3700
15.01.2014 00:25:28.749,1.48184,1.47984,2.1300,2.2200
15.01.2014 00:25:30.229,1.48184,1.47984,1.7800,1.4500
15.01.2014 00:25:31.648,1.48187,1.47987,1.0800,1.9600
15.01.2014 00:25:33.067,1.48187,1.47987,2.8500,2.1800
15.01.2014 00:25:34.480,1.48188,1.47988,1.9000,2.5400
15.01.2014 00:25:35.874,1.48186,1.47986,2.6000,1.4500
15.01.2014 00:25:37.351,1.48189,1.47989,1.3600,2.6700
15.01.2014 00:25:38.925,1.48190,1.47990,1.6400,2.6900
15.01.2014 00:25:40.223,1.48190,1.47990,1.1200,2.9200
15.01.2014 00:25:41.661,1.48190,1.47990,1.6200,2.0100
15.01.2014 00:25:43.053,1.48189,1.47989,1.7500,2.3600
15.01.2014 00:25:44.620,1.48189,1.47989,2.4800,2.7600
15.01.2014 00:25:46.058,1.48188,1.47988,2.0900,1.5300
15.01.2014 00:25:47.453,1.48185,1.47985,2.6300,2.1100
15.01.2014 00:25:48.715,1.48184,1.47984,1.1400,2.2100
15.01.2014 00:25:50.168,1.48184,1.47984,1.3300,2.2600
15.01.2014 00:25:51.627,1.48186,1.47986,1.2100,2.7900
15.01.2014 00:25:52.969,1.48187,1.47987,2.9100,2.0000
15.01.2014 00:25:54.245,1.48187,1.47987,2.4400,1.0500
15.01.2014 00:25:55.878,1.48185,1.47985,2.3500,1.4600
15.01.2014 00:25:57.172,1.48184,1.47984,2.7100,2.7100
15.01.2014 00:25:58.511,1.48182,1.47982,2.6900,2.1700
15.01.2014 00:25:59.788,1.48181,1.47981,2.7400,1.9000
15.01.2014 00:26:01.136,1.48180,1.47980,2.4200,2.1100
15.01.2014 00:26:02.478,1.48185,1.47985,2.2300,1.4400
15.01.2014 00:26:03.790,1.48188,1.47988,1.8600,2.0200
15.01.2014 00:26:05.063,1.48189,1.47989,1.3000,2.0100
15.01.2014 00:26:06.380,1.48189,1.47989,2.4000,2.9300
15.01.2014 00:26:07.962,1.48186,1.47986,1.2800,2.8000
15.01.2014 00:26:09.389,1.48184,1.47984,2.5700,1.5800
15.01.2014 00:26:10.813,1.48185,1.47985,2.5000,2.5800
15.01.2014 00:26:12.156,1.48185,1.47985,2.5600,1.2000
15.01.2014 00:26:13.500,1.48185,1.47985,2.1700,1.8900
15.01.2014 00:26:14.897,1.48185,1.47985,1.9800,1.0900
15.01.2014 00:26:16.252,1.48183,1.47983,1.5300,2.3700
15.01.2014 00:26:17.587,1.48186,1.47986,2.4600,1.4900
15.01.2014 00:26:18.994,1.48183,1.47983,2.3000,1.5900
15.01.2014 00:26:20.342,1.48182,1.47982,1.3800,1.7100
15.01.2014 00:26:21.664,1.48185,1.47985,2.9800,2.8400
15.01.2014 00:26:22.948,1.48185,1.47985,1.5200,1.6300
15.01.2014 00:26:24.416,1.48184,1.47984,2.9400,2.4400
15.01.2014 00:26:25.688,1.48182,1.47982,1.4700,2.9800
15.01.2014 00:26:27.373,1.48184,1.47984,2.0800,2.0800
15.01.2014 00:26:28.717,1.48181,1.47981,2.0100,2.3800
15.01.2014 00:26:30.188,1.48184,1.47984,2.5200,1.4600
15.01.2014 00:26:31.498,1.48183,1.47983,1.3500,1.9200
15.01.2014 00:26:33.055,1.48182,1.47982,2.5300,1.8200
15.01.2014 00:26:34.406,1.48183,1.47983,1.9000,2.9300
15.01.2014 00:26:36.088,1.48184,1.47984,2.4400,1.0600
15.01.2014 00:26:37.490,1.48185,1.47985,1.1900,2.8200
15.01.2014 00:26:39.036,1.48186,1.47986,2.8500,3.0000
15.01.2014 00:26:40.467,1.48185,1.47985,1.2800,2.4900
15.01.2014 00:26:42.032,1.48184,1.47984,2.2400,1.0700
15.01.2014 00:26:43.330,1.48182,1.47982,1.3900,2.3400
15.01.2014 00:26:44.722,1.48182,1.47982,2.3000,1.8200
15.01.2014 00:26:46.060,1.48185,1.47985,2.7300,1.3700
15.01.2014 00:26:47.270,1.48185,1.47985,1.3800,2.2800
15.01.2014 00:26:48.881,1.48181,1.47981,1.3100,2.9900
15.01.2014 00:26:50.161,1.48181,1.47981,1.7600,1.3400
15.01.2014 00:26:51.616,1.48183,1.47983,2.4700,1.5900
15.01.2014 00:26:53.082,1.48184,1.47984,3.0000,1.0200
15.01.2014 00:26:54.409,1.48185,1.47985,2.1700,2.1600
15.01.2014 00:26:55.731,1.48184,1.47984,1.0600,1.6900
15.01.2014 00:26:57.029,1.48183,1.47983,2.4500,2.0500
15.01.2014 00:26:58.410,1.48184,1.47984,2.8900,1.5600
15.01.2014 00:26:59.699,1.48183,1.47983,1.8100,2.3600
15.01.2014 00:27:01.096,1.48181,1.47981,2.3200,2.5200
15.01.2014 00:27:02.473,1.48184,1.47984,1.4800,2.1800
15.01.2014 00:27:03.873,1.48186,1.47986,1.8900,2.5600
15.01.2014 00:27:05.216,1.48183,1.47983,1.8200,1.5900
15.01.2014 00:27:06.537,1.48184,1.47984,1.5600,2.2200
15.01.2014 00:27:07.869,1.48187,1.47987,1.1800,2.5700
15.01.2014 00:27:09.083,1.48188,1.47988,2.8200,2.9200
15.01.2014 00:27:10.451,1.48190,1.47990,2.1300,1.7500
15.01.2014 00:27:11.829,1.48191,1.47991,1.8700,1.6100
15.01.2014 00:27:13.238,1.48192,1.47992,2.3200,2.7600
15.01.2014 00:27:14.745,1.48192,1.47992,1.5300,2.3300
15.01.2014 00:27:16.157,1.48191,1.47991,1.2200,2.9600
15.01.2014 00:27:17.462,1.48187,1.47987,1.9000,1.9700
15.01.2014 00:27:18.867,1.48188,1.47988,1.9100,1.7700
15.01.2014 00:27:20.323,1.48188,1.47988,1.7700,1.9700
15.01.2014 00:27:21.727,1.48189,1.47989,2.2000,2.2800
15.01.2014 00:27:22.958,1.48187,1.47987,1.6600,2.2500
15.01.2014 00:27:24.348,1.48184,1.47984,2.5200,2.9000
15.01.2014 00:27:25.763,1.48182,1.47982,1.9900,2.6700
15.01.2014 00:27:27.273,1.48179,1.47979,1.0700,2.4600
15.01.2014 00:27:28.672,1.48179,1.47979,1.6600,2.9200
15.01.2014 00:27:30.247,1.48175,1.47975,1.4900,2.1400
15.01.2014 00:27:31.543,1.48176,1.47976,1.0400,1.0300
15.01.2014 00:27:33.102,1.48175,1.47975,2.6400,1.1900
15.01.2014 00:27:34.493,1.48173,1.47973,2.1600,1.8400
15.01.2014 00:27:35.807,1.48171,1.47971,2.0300,1.3000
15.01.2014 00:27:37.200,1.48171,1.47971,2.5100,2.6600
15.01.2014 00:27:38.518,1.48170,1.47970,2.8300,1.0800
15.01.2014 00:27:39.867,1.48169,1.47969,2.9900,1.1800
15.01.2014 00:27:41.331,1.48168,1.47968,1.7900,2.9100
15.01.2014 00:27:42.719,1.48167,1.47967,2.7500,1.1500
15.01.2014 00:27:44.077,1.48167,1.47967,2.2700,2.4900
15.01.2014 00:27:45.339,1.48168,1.47968,2.9700,2.9600
15.01.2014 00:27:46.730,1.48167,1.47967,2.6800,2.3000
15.01.2014 00:27:47.934,1.48166,1.47966,2.4300,1.5300
15.01.2014 00:27:49.497,1.48164,1.47964,1.8000,1.5600
15.01.2014 00:27:50.873,1.48165,1.47965,2.1400,2.7000
15.01.2014 00:27:52.269,1.48168,1.47968,1.5700,1.3100
15.01.2014 00:27:53.811,1.48168,1.47968,2.1300,2.5700
15.01.2014 00:27:55.217,1.48167,1.47967,2.7500,2.2300
15.01.2014 00:27:56.780,1.48167,1.47967,1.5200,2.7400
15.01.2014 00:27:58.277,1.48169,1.47969,2.8200,2.8600
15.01.2014 00:27:59.607,1.48168,1.47968,2.1000,2.8500
15.01.2014 00:28:01.163,1.48173,1.47973,1.1800,2.1100
15.01.2014 00:28:02.566,1.48174,1.47974,1.1500,1.6200
15.01.2014 00:28:03.829,1.48176,1.47976,2.7000,1.7600
15.01.2014 00:28:05.171,1.48175,1.47975,1.6500,1.8700
15.01.2014 00:28:06.409,1.48172,1.47972,1.7500,1.1600
15.01.2014 00:28:07.821,1.48172,1.47972,1.3300,1.9100
15.01.2014 00:28:09.097,1.48173,1.47973,2.9000,2.0800
15.01.2014 00:28:10.555,1.48170,1.47970,2.8700,1.8200
15.01.2014 00:28:11.946,1.48169,1.47969,1.1300,1.0800
15.01.2014 00:28:13.265,1.48169,1.47969,2.0900,2.0900
15.01.2014 00:28:14.559,1.48167,1.47967,2.5400,2.5900
15.01.2014 00:28:15.768,1.48170,1.47970,1.3800,2.7400
15.01.2014 00:28:17.065,1.48168,1.47968,1.6000,1.7900
15.01.2014 00:28:18.426,1.48170,1.47970,1.5500,2.5700
15.01.2014 00:28:19.880,1.48172,1.47972,2.6400,2.2600
15.01.2014 00:28:21.126,1.48172,1.47972,2.4100,1.9500
15.01.2014 00:28:22.559,1.48172,1.47972,2.8200,1.0200
15.01.2014 00:28:24.117,1.48174,1.47974,1.4400,2.4900
15.01.2014 00:28:25.424,1.48173,1.47973,2.0200,2.1400
15.01.2014 00:28:26.897,1.48173,1.47973,2.3900,1.0400
15.01.2014 00:28:28.223,1.48169,1.47969,1.9700,1.8600
15.01.2014 00:28:29.583,1.48168,1.47968,2.8100,1.9800
15.01.2014 00:28:30.909,1.48168,1.47968,2.9500,2.8800
15.01.2014 00:28:32.260,1.48167,1.47967,1.0500,2.3600
15.01.2014 00:28:33.627,1.48170,1.47970,2.3800,2.8600
15.01.2014 00:28:35.005,1.48171,1.47971,2.7100,2.4300
15.01.2014 00:28:36.370,1.48173,1.47973,2.5800,1.6900
15.01.2014 00:28:37.825,1.48173,1.47973,2.4100,2.1000
15.01.2014 00:28:39.211,1.48170,1.47970,1.9300,1.9800
15.01.2014 00:28:40.779,1.48170,1.47970,1.7400,2.7700
15.01.2014 00:28:42.024,1.48172,1.47972,1.9800,1.5700
15.01.2014 00:28:43.410,1.48174,1.47974,1.3900,2.8500
15.01.2014 00:28:44.613,1.48176,1.47976,1.0500,1.4600
15.01.2014 00:28:45.898,1.48176,1.47976,1.0300,1.8900
15.01.2014 00:28:47.350,1.48174,1.47974,2.9800,2.5300
15.01.2014 00:28:48.913,1.48178,1.47978,2.3600,2.7600
15.01.2014 00:28:50.283,1.48177,1.47977,2.2700,1.6200
15.01.2014 00:28:51.627,1.48177,1.47977,2.3800,1.2300
15.01.2014 00:28:53.037,1.48178,1.47978,1.2900,1.7500
15.01.2014 00:28:54.410,1.48176,1.47976,1.1700,2.8000
15.01.2014 00:28:55.864,1.48174,1.47974,2.2600,1.1000
15.01.2014 00:28:57.182,1.48175,1.47975,1.8700,1.4900
15.01.2014 00:28:58.726,1.48173,1.47973,2.9200,1.5300
15.01.2014 00:29:00.164,1.48173,1.47973,2.5800,2.3000
15.01.2014 00:29:01.345,1.48171,1.47971,2.2800,2.9600
15.01.2014 00:29:02.652,1.48169,1.47969,2.9300,2.6300
15.01.2014 00:29:03.940,1.48168,1.47968,2.1600,2.0800
15.01.2014 00:29:05.471,1.48169,1.47969,2.0600,2.3000
15.01.2014 00:29:06.786,1.48169,1.47969,1.7000,2.1700
15.01.2014 00:29:08.355,1.48165,1.47965,2.7200,1.5200
15.01.2014 00:29:09.631,1.48165,1.47965,1.7200,1.3600
15.01.2014 00:29:10.833,1.48163,1.47963,2.6500,2.4400
15.01.2014 00:29:12.248,1.48161,1.47961,1.3500,1.2100
15.01.2014 00:29:13.687,1.48161,1.47961,2.4300,1.2600
15.01.2014 00:29:15.138,1.48162,1.47962,1.4000,2.8600
15.01.2014 00:29:16.510,1.48162,1.47962,2.6800,2.7500
15.01.2014 00:29:17.909,1.48162,1.47962,2.5400,1.3600
15.01.2014 00:29:19.220,1.48162,1.47962,1.6000,1.9600
15.01.2014 00:29:20.759,1.48162,1.47962,2.0300,1.6900
15.01.2014 00:29:22.129,1.48162,1.47962,1.4800,1.7600
15.01.2014 00:29:23.486,1.48162,1.47962,1.1700,2.8900
15.01.2014 00:29:24.901,1.48161,1.47961,1.2900,2.8300
15.01.2014 00:29:26.373,1.48160,1.47960,2.9500,1.7300
15.01.2014 00:29:27.740,1.48159,1.47959,2.9400,2.8800
15.01.2014 00:29:29.125,1.48156,1.47956,2.2200,2.3100
15.01.2014 00:29:30.604,1.48157,1.47957,1.5000,1.4000
15.01.2014 00:29:32.101,1.48157,1.47957,1.4900,1.7100
15.01.2014 00:29:33.599,1.48154,1.47954,2.0300,2.6700
15.01.2014 00:29:34.990,1.48154,1.47954,1.8400,1.0500
15.01.2014 00:29:36.479,1.48155,1.47955,2.5800,1.9100
15.01.2014 00:29:37.923,1.48159,1.47959,2.0700,1.4200
15.01.2014 00:29:39.271,1.48160,1.47960,1.9000,2.6900
15.01.2014 00:29:40.753,1.48160,1.47960,1.7400,2.9900
15.01.2014 00:29:42.339,1.48161,1.47961,2.9000,1.3500
15.01.2014 00:29:43.728,1.48160,1.47960,2.2700,1.6800
15.01.2014 00:29:45.115,1.48160,1.47960,2.2100,2.1700
15.01.2014 00:29:46.530,1.48161,1.47961,1.9600,1.5900
15.01.2014 00:29:47.893,1.48162,1.47962,2.0600,2.1000
15.01.2014 00:29:49.397,1.48162,1.47962,1.2000,2.1400
15.01.2014 00:29:50.688,1.48160,1.47960,1.7700,2.5700
15.01.2014 00:29:51.961,1.48158,1.47958,2.8800,1.1300
15.01.2014 00:29:53.277,1.48161,1.47961,2.0800,2.2400
15.01.2014 00:29:54.594,1.48159,1.47959,2.3000,1.5400
15.01.2014 00:29:56.042,1.48158,1.47958,1.6100,2.9200
15.01.2014 00:29:57.608,1.48159,1.47959,1.8500,1.6200
15.01.2014 00:29:58.875,1.48161,1.47961,1.0100,2.4400
15.01.2014 00:30:00.395,1.48163,1.47963,1.5200,1.0100
15.01.2014 00:30:01.755,1.48164,1.47964,1.3000,2.0200
15.01.2014 00:30:03.114,1.48164,1.47964,1.7400,2.0600
15.01.2014 00:30:04.543,1.48164,1.47964,1.6300,1.3100
15.01.2014 00:30:06.140,1.48164,1.47964,2.2200,2.3700
15.01.2014 00:30:07.689,1.48166,1.47966,2.8100,2.4300
15.01.2014 00:30:09.149,1.48169,1.47969,2.2800,2.2700
15.01.2014 00:30:10.485,1.48169,1.47969,2.7500,2.4100
15.01.2014 00:30:11.981,1.48167,1.47967,1.6300,2.2300
15.01.2014 00:30:13.479,1.48169,1.47969,1.5300,2.1900
15.01.2014 00:30:15.022,1.48171,1.47971,1.6600,1.1800
15.01.2014 00:30:16.347,1.48173,1.47973,2.3300,2.3300
15.01.2014 00:30:17.668,1.48173,1.47973,2.8700,1.8100
15.01.2014 00:30:19.244,1.48170,1.47970,1.2000,2.8100
15.01.2014 00:30:20.671,1.48168,1.47968,2.7500,2.1500
15.01.2014 00:30:22.080,1.48170,1.47970,2.9400,2.4500
15.01.2014 00:30:23.484,1.48168,1.47968,1.9500,1.9700
15.01.2014 00:30:24.876,1.48168,1.47968,1.1400,1.6200
15.01.2014 00:30:26.319,1.48168,1.47968,1.9900,2.9700
15.01.2014 00:30:27.607,1.48167,1.47967,2.6900,2.4600
15.01.2014 00:30:29.092,1.48168,1.47968,2.4700,1.3400
15.01.2014 00:30:30.315,1.48168,1.47968,1.4000,2.4700
15.01.2014 00:30:31.708,1.48168,1.47968,2.8300,1.6800
15.01.2014 00:30:33.034,1.48171,1.47971,1.9300,2.6000
15.01.2014 00:30:34.474,1.48170,1.47970,2.5700,1.9500
15.01.2014 00:30:35.764,1.48169,1.47969,2.0600,2.4000
15.01.2014 00:30:37.143,1.48170,1.47970,2.3400,1.5300
15.01.2014 00:30:38.656,1.48172,1.47972,1.0500,1.0500
15.01.2014 00:30:39.874,1.48171,1.47971,1.5600,1.8500
15.01.2014 00:30:41.368,1.48170,1.47970,1.6400,1.9600
15.01.2014 00:30:42.741,1.48171,1.47971,2.1800,1.8800
15.01.2014 00:30:44.104,1.48174,1.47974,1.8900,2.9100
15.01.2014 00:30:45.374,1.48173,1.47973,2.6800,1.4900
15.01.2014 00:30:46.683,1.48172,1.47972,2.5200,1.9100
15.01.2014 00:30:47.999,1.48170,1.47970,1.2400,2.4500
15.01.2014 00:30:49.431,1.48171,1.47971,1.5300,1.5400
15.01.2014 00:30:50.748,1.48173,1.47973,2.0200,2.8000
15.01.2014 00:30:52.035,1.48173,1.47973,2.7100,2.7600
15.01.2014 00:30:53.437,1.48172,1.47972,1.8600,2.2700
15.01.2014 00:30:54.866,1.48175,1.47975,1.3400,1.0900
15.01.2014 00:30:56.184,1.48175,1.47975,2.6200,1.1600
15.01.2014 00:30:57.575,1.48171,1.47971,2.4100,2.3500
15.01.2014 00:30:58.941,1.48171,1.47971,2.6500,2.8800
15.01.2014 00:31:00.342,1.48170,1.47970,2.8600,2.5500
15.01.2014 00:31:01.792,1.48171,1.47971,1.9400,1.9100
15.01.2014 00:31:03.097,1.48173,1.47973,1.8800,2.0500
15.01.2014 00:31:04.690,1.48174,1.47974,1.2000,1.8700
15.01.2014 00:31:06.040,1.48176,1.47976,2.1700,2.8600
15.01.2014 00:31:07.254,1.48178,1.47978,1.0100,2.1100
15.01.2014 00:31:08.538,1.48178,1.47978,2.6100,2.0600
15.01.2014 00:31:09.906,1.48179,1.47979,1.6500,2.8600
15.01.2014 00:31:11.194,1.48179,1.47979,1.1700,1.0700
15.01.2014 00:31:12.453,1.48176,1.47976,2.4800,1.2700
15.01.2014 00:31:13.857,1.48177,1.47977,1.3300,1.1300
15.01.2014 00:31:15.336,1.48175,1.47975,1.8100,2.6400
15.01.2014 00:31:16.717,1.48174,1.47974,1.0400,2.5600
15.01.2014 00:31:18.011,1.48171,1.47971,2.4300,1.5600
15.01.2014 00:31:19.174,1.48172,1.47972,2.1000,1.4500
15.01.2014 00:31:20.710,1.48172,1.47972,2.4600,2.9500
15.01.2014 00:31:21.968,1.48174,1.47974,1.7000,1.5800
15.01.2014 00:31:23.201,1.48173,1.47973,2.5000,1.6800
15.01.2014 00:31:24.643,1.48172,1.47972,1.5100,2.0500
15.01.2014 00:31:26.151,1.48172,1.47972,2.0800,2.0100
15.01.2014 00:31:27.549,1.48171,1.47971,2.1300,2.3600
15.01.2014 00:31:28.902,1.48170,1.47970,2.7100,2.5800
15.01.2014 00:31:30.269,1.48169,1.47969,3.0000,2.7500
15.01.2014 00:31:31.803,1.48169,1.47969,2.2400,2.5100
15.01.2014 00:31:33.026,1.48169,1.47969,2.5600,2.1000
15.01.2014 00:31:34.641,1.48165,1.47965,1.1100,1.0200
15.01.2014 00:31:36.027,1.48165,1.47965,2.4900,1.6300
15.01.2014 00:31:37.407,1.48167,1.47967,2.1200,1.9700
15.01.2014 00:31:38.821,1.48166,1.47966,2.7100,1.9200
15.01.2014 00:31:40.115,1.48164,1.47964,1.7600,1.3600
15.01.2014 00:31:41.535,1.48165,1.47965,1.1800,1.6900
15.01.2014 00:31:42.908,1.48165,1.47965,2.9300,2.3700
15.01.2014 00:31:44.235,1.48164,1.47964,1.5500,1.4700
15.01.2014 00:31:45.568,1.48167,1.47967,2.8400,1.0700
15.01.2014 00:31:47.104,1.48169,1.47969,1.1900,1.8400
15.01.2014 00:31:48.618,1.48168,1.47968,2.8200,1.5500
15.01.2014 00:31:50.090,1.48169,1.47969,2.9800,2.2400
15.01.2014 00:31:51.478,1.48167,1.47967,2.7500,2.2700
15.01.2014 00:31:52.983,1.48167,1.47967,1.7600,2.3500
15.01.2014 00:31:54.328,1.48168,1.47968,1.1700,1.6100
15.01.2014 00:31:55.668,1.48167,1.47967,2.3400,2.2200
15.01.2014 00:31:57.001,1.48166,1.47966,2.9200,1.9600
15.01.2014 00:31:58.424,1.48163,1.47963,2.2600,2.8300
15.01.2014 00:31:59.902,1.48162,1.47962,1.6900,1.2800
15.01.2014 00:32:01.299,1.48161,1.47961,1.5200,1.2200
15.01.2014 00:32:02.765,1.48160,1.47960,2.9300,2.3200
15.01.2014 00:32:04.194,1.48162,1.47962,1.5100,1.8500
15.01.2014 00:32:05.660,1.48162,1.47962,2.3400,1.8500
15.01.2014 00:32:07.029,1.48162,1.47962,1.4100,2.5600
15.01.2014 00:32:08.532,1.48163,1.47963,1.3200,2.6700
15.01.2014 00:32:09.919,1.48163,1.47963,1.2800,2.3400
15.01.2014 00:32:11.278,1.48162,1.47962,1.7900,2.1900
15.01.2014 00:32:12.624,1.48165,1.47965,1.6800,2.8000
15.01.2014 00:32:14.140,1.48165,1.47965,2.7900,2.8300
15.01.2014 00:32:15.503,1.48167,1.47967,2.4100,1.3700
15.01.2014 00:32:16.907,1.48168,1.47968,2.1000,1.5900
15.01.2014 00:32:18.352,1.48166,1.47966,1.8500,1.1400
15.01.2014 00:32:19.768,1.48164,1.47964,1.0500,1.8500
15.01.2014 00:32:21.233,1.48163,1.47963,2.1300,2.3300
15.01.2014 00:32:22.619,1.48163,1.47963,1.6800,2.1500
15.01.2014 00:32:24.038,1.48162,1.47962,2.9500,2.9700
15.01.2014 00:32:25.293,1.48161,1.47961,2.5800,2.6500
15.01.2014 00:32:26.745,1.48157,1.47957,2.0800,2.0100
15.01.2014 00:32:28.261,1.48154,1.47954,1.5500,1.9900
15.01.2014 00:32:29.780,1.48154,1.47954,2.9600,2.4100
15.01.2014 00:32:31.189,1.48154,1.47954,1.3900,1.8500
15.01.2014 00:32:32.575,1.48150,1.47950,2.4700,2.1700
15.01.2014 00:32:33.936,1.48151,1.47951,2.0400,2.8900
15.01.2014 00:32:35.375,1.48151,1.47951,2.7000,2.7000
15.01.2014 00:32:36.632,1.48151,1.47951,2.9600,1.3800
15.01.2014 00:32:38.099,1.48151,1.47951,1.3100,1.1600
15.01.2014 00:32:39.547,1.48150,1.47950,1.2000,1.7200
15.01.2014 00:32:40.829,1.48149,1.47949,1.3100,1.0100
15.01.2014 00:32:42.307,1.48152,1.47952,1.5200,2.8500
15.01.2014 00:32:43.650,1.48154,1.47954,1.3900,1.5800
15.01.2014 00:32:45.119,1.48150,1.47950,1.8600,2.3400
15.01.2014 00:32:46.450,1.48150,1.47950,2.4000,1.1200
15.01.2014 00:32:47.836,1.48150,1.47950,1.1300,1.5300
15.01.2014 00:32:49.248,1.48151,1.47951,2.9100,2.7100
15.01.2014 00:32:50.763,1.48151,1.47951,1.8700,1.1900
15.01.2014 00:32:52.099,1.48150,1.47950,2.4200,2.9700
15.01.2014 00:32:53.602,1.48149,1.47949,1.1300,2.8000
15.01.2014 00:32:55.130,1.48147,1.47947,2.3700,1.3100
15.01.2014 00:32:56.598,1.48145,1.47945,2.4400,1.1600
15.01.2014 00:32:57.995,1.48144,1.47944,1.4600,1.5200
15.01.2014 00:32:59.287,1.48143,1.47943,2.6500,2.7100
15.01.2014 00:33:00.686,1.48141,1.47941,1.8200,2.0500
15.01.2014 00:33:02.065,1.48141,1.47941,2.5700,2.9500
15.01.2014 00:33:03.594,1.48143,1.47943,1.8200,1.9300
15.01.2014 00:33:05.020,1.48141,1.47941,1.1800,2.3200
15.01.2014 00:33:06.487,1.48138,1.47938,1.1100,1.9300
15.01.2014 00:33:07.873,1.48140,1.47940,2.1700,2.6300
15.01.2014 00:33:09.142,1.48139,1.47939,2.1800,2.3300
15.01.2014 00:33:10.520,1.48137,1.47937,1.4100,1.1700
15.01.2014 00:33:11.884,1.48137,1.47937,2.2700,1.2500
15.01.2014 00:33:13.176,1.48138,1.47938,1.1700,2.1300
15.01.2014 00:33:14.588,1.48135,1.47935,2.1600,1.0900
15.01.2014 00:33:16.086,1.48135,1.47935,2.6100,2.3100
15.01.2014 00:33:17.546,1.48137,1.47937,1.6500,2.7600
15.01.2014 00:33:18.908,1.48136,1.47936,2.1700,1.0200
15.01.2014 00:33:20.345,1.48137,1.47937,2.5900,1.0000
15.01.2014 00:33:21.830,1.48139,1.47939,1.8300,1.6700
15.01.2014 00:33:23.217,1.48141,1.47941,2.3700,2.0200
15.01.2014 00:33:24.601,1.48140,1.47940,1.6000,1.6300
15.01.2014 00:33:26.075,1.48137,1.47937,2.7400,1.2800
15.01.2014 00:33:27.532,1.48137,1.47937,1.6900,2.2100
15.01.2014 00:33:28.711,1.48137,1.47937,2.8000,1.8700
15.01.2014 00:33:30.287,1.48139,1.47939,1.7700,2.4500
15.01.2014 00:33:31.669,1.48137,1.47937,1.7500,2.3100
15.01.2014 00:33:32.903,1.48136,1.47936,1.0400,2.3500
15.01.2014 00:33:34.317,1.48135,1.47935,2.2500,2.8000
15.01.2014 00:33:35.727,1.48134,1.47934,1.3900,1.4500
15.01.2014 00:33:37.299,1.48134,1.47934,2.8600,2.6400
15.01.2014 00:33:38.753,1.48134,1.47934,1.2000,2.5900
15.01.2014 00:33:40.206,1.48134,1.47934,1.8200,1.0800
15.01.2014 00:33:41.580,1.48136,1.47936,2.1600,1.4400
15.01.2014 00:33:42.788,1.48137,1.47937,2.6800,2.5300
15.01.2014 00:33:43.970,1.48136,1.47936,1.8700,1.3300
15.01.2014 00:33:45.357,1.48136,1.47936,2.8200,2.7800
15.01.2014 00:33:46.735,1.48136,1.47936,1.7800,2.5900
15.01.2014 00:33:48.374,1.48134,1.47934,1.8800,1.6200
15.01.2014 00:33:49.785,1.48138,1.47938,2.8200,2.3400
15.01.2014 00:33:51.395,1.48138,1.47938,2.4000,2.8400
15.01.2014 00:33:52.806,1.48137,1.47937,2.8600,2.2100
15.01.2014 00:33:54.240,1.48138,1.47938,1.7600,2.4400
15.01.2014 00:33:55.521,1.48134,1.47934,1.4200,1.8200
15.01.2014 00:33:56.974,1.48132,1.47932,1.9100,3.0000
15.01.2014 00:33:58.374,1.48132,1.47932,1.9100,1.8500
15.01.2014 00:33:59.803,1.48132,1.47932,2.6600,2.5600
15.01.2014 00:34:01.158,1.48132,1.47932,2.0000,2.9000
15.01.2014 00:34:02.397,1.48132,1.47932,2.3200,1.1000
15.01.2014 00:34:03.724,1.48136,1.47936,2.0900,2.6400
15.01.2014 00:34:05.233,1.48136,1.47936,2.1400,1.0200
15.01.2014 00:34:06.661,1.48136,1.47936,2.1100,2.1900
15.01.2014 00:34:07.969,1.48138,1.47938,2.5600,1.5000
15.01.2014 00:34:09.543,1.48134,1.47934,2.6600,1.3600
15.01.2014 00:34:10.902,1.48135,1.47935,1.4400,2.8000
15.01.2014 00:34:12.439,1.48136,1.47936,1.2100,1.0900
15.01.2014 00:34:13.819,1.48137,1.47937,2.3600,1.4800
15.01.2014 00:34:15.367,1.48140,1.47940,2.7200,1.1600
15.01.2014 00:34:16.902,1.48141,1.47941,1.7300,1.4000
15.01.2014 00:34:18.380,1.48139,1.47939,2.0000,2.2700
15.01.2014 00:34:19.755,1.48138,1.47938,1.3900,2.5100
15.01.2014 00:34:21.177,1.48139,1.47939,2.5000,1.8000
15.01.2014 00:34:22.351,1.48140,1.47940,2.9100,1.5300
15.01.2014 00:34:23.863,1.48141,1.47941,1.7900,2.4500
15.01.2014 00:34:25.270,1.48143,1.47943,1.4600,2.0200
15.01.2014 00:34:26.657,1.48143,1.47943,2.2300,1.4800
15.01.2014 00:34:28.135,1.48142,1.47942,1.1900,1.1000
15.01.2014 00:34:29.552,1.48142,1.47942,2.1700,2.6000
15.01.2014 00:34:30.931,1.48144,1.47944,1.9200,1.6800
15.01.2014 00:34:32.330,1.48143,1.47943,1.6200,1.5400
15.01.2014 00:34:33.561,1.48142,1.47942,1.6500,2.7100
15.01.2014 00:34:35.093,1.48143,1.47943,1.5100,1.1700
15.01.2014 00:34:36.460,1.48147,1.47947,2.5900,2.1400
15.01.2014 00:34:37.921,1.48149,1.47949,2.9800,1.6000
15.01.2014 00:34:39.269,1.48148,1.47948,1.5900,1.8500
15.01.2014 00:34:40.630,1.48147,1.47947,1.6600,1.2000
15.01.2014 00:34:42.331,1.48146,1.47946,1.9700,1.4600
15.01.2014 00:34:43.666,1.48147,1.47947,2.9300,2.4300
15.01.2014 00:34:45.093,1.48145,1.47945,2.8100,1.7500
15.01.2014 00:34:46.278,1.48145,1.47945,2.4600,2.4000
15.01.2014 00:34:47.786,1.48146,1.47946,2.6800,1.3500
15.01.2014 00:34:49.276,1.48146,1.47946,1.9600,1.3400
15.01.2014 00:34:50.410,1.48144,1.47944,2.3700,1.1500
15.01.2014 00:34:52.004,1.48145,1.47945,1.1400,2.4000
15.01.2014 00:34:53.438,1.48144,1.47944,2.0900,1.2800
15.01.2014 00:34:54.672,1.48144,1.47944,1.1400,2.1200
15.01.2014 00:34:56.034,1.48147,1.47947,1.3800,2.4000
15.01.2014 00:34:57.471,1.48146,1.47946,2.1700,1.8500
15.01.2014 00:34:58.952,1.48148,1.47948,2.8400,2.0600
15.01.2014 00:35:00.197,1.48147,1.47947,1.9300,1.8800
15.01.2014 00:35:01.507,1.48149,1.47949,2.7300,2.8500
15.01.2014 00:35:02.982,1.48150,1.47950,2.0800,1.7700
15.01.2014 00:35:04.415,1.48148,1.47948,2.0500,1.7000
15.01.2014 00:35:05.818,1.48149,1.47949,1.2800,1.2700
15.01.2014 00:35:07.139,1.48148,1.47948,1.2800,2.1100
15.01.2014 00:35:08.316,1.48150,1.47950,1.2500,2.2800
15.01.2014 00:35:09.636,1.48149,1.47949,1.2200,2.5800
15.01.2014 00:35:10.984,1.48149,1.47949,2.6700,1.7200
15.01.2014 00:35:12.320,1.48150,1.47950,2.8700,1.3600
15.01.2014 00:35:13.660,1.48153,1.47953,1.4600,1.7700
15.01.2014 00:35:14.998,1.48152,1.47952,2.4900,1.9000
15.01.2014 00:35:16.438,1.48151,1.47951,2.1400,1.7300
15.01.2014 00:35:17.763,1.48149,1.47949,2.5400,2.1400
15.01.2014 00:35:19.201,1.48153,1.47953,2.6900,2.7300
15.01.2014 00:35:20.669,1.48151,1.47951,1.6400,1.4400
15.01.2014 00:35:22.175,1.48149,1.47949,2.7200,2.5200
15.01.2014 00:35:23.490,1.48151,1.47951,1.4500,2.9300
15.01.2014 00:35:24.858,1.48151,1.47951,1.9300,2.9900
15.01.2014 00:35:26.125,1.48149,1.47949,1.0900,1.8800
15.01.2014 00:35:27.567,1.48150,1.47950,1.3700,1.7100
15.01.2014 00:35:28.944,1.48151,1.47951,1.4000,2.1700
15.01.2014 00:35:30.395,1.48151,1.47951,1.4800,2.5400
15.01.2014 00:35:31.888,1.48151,1.47951,2.6900,1.1800
15.01.2014 00:35:33.512,1.48153,1.47953,2.8200,1.2100
15.01.2014 00:35:34.953,1.48155,1.47955,2.8500,1.8400
15.01.2014 00:35:36.295,1.48156,1.47956,1.7000,2.8700
15.01.2014 00:35:37.844,1.48156,1.47956,1.3100,2.6500
15.01.2014 00:35:39.248,1.48158,1.47958,1.3200,1.1700
15.01.2014 00:35:40.635,1.48155,1.47955,2.6300,2.3700
15.01.2014 00:35:42.086,1.48154,1.47954,2.1200,2.2600
15.01.2014 00:35:43.348,1.48154,1.47954,2.4100,1.4800
15.01.2014 00:35:44.790,1.48156,1.47956,2.0300,1.5300
15.01.2014 00:35:46.335,1.48155,1.47955,1.4000,2.6500
15.01.2014 00:35:47.822,1.48157,1.47957,1.4400,2.7800
15.01.2014 00:35:48.904,1.48156,1.47956,2.3600,1.9400
15.01.2014 00:35:50.249,1.48156,1.47956,2.0800,2.0600
15.01.2014 00:35:51.728,1.48157,1.47957,1.9400,2.9700
15.01.2014 00:35:53.173,1.48159,1.47959,2.6900,1.3500
15.01.2014 00:35:54.597,1.48156,1.47956,1.4900,1.6600
15.01.2014 00:35:55.963,1.48156,1.47956,2.8700,2.6000
15.01.2014 00:35:57.174,1.48159,1.47959,1.7500,2.3500
15.01.2014 00:35:58.698,1.48158,1.47958,1.9900,2.1300
15.01.2014 00:36:00.164,1.48159,1.47959,2.1200,1.5000
15.01.2014 00:36:01.506,1.48159,1.47959,1.0100,2.6100
15.01.2014 00:36:02.817,1.48159,1.47959,1.7500,2.9200
15.01.2014 00:36:04.231,1.48160,1.47960,2.4400,1.1100
15.01.2014 00:36:05.638,1.48161,1.47961,1.1100,1.8000
15.01.2014 00:36:06.991,1.48162,1.47962,2.8300,2.9500
15.01.2014 00:36:08.465,1.48160,1.47960,2.2200,1.3600
15.01.2014 00:36:09.958,1.48161,1.47961,1.8500,1.1100
15.01.2014 00:36:11.360,1.48161,1.47961,1.1800,1.5400
15.01.2014 00:36:12.809,1.48164,1.47964,2.3300,2.5800
15.01.2014 00:36:14.143,1.48165,1.47965,2.2200,2.8500
15.01.2014 00:36:15.488,1.48163,1.47963,2.7900,2.8000
15.01.2014 00:36:16.899,1.48162,1.47962,2.8400,1.2100
15.01.2014 00:36:18.427,1.48162,1.47962,1.0100,2.9800
15.01.2014 00:36:19.700,1.48163,1.47963,2.5300,2.8700
15.01.2014 00:36:21.198,1.48164,1.47964,2.1600,2.2500
15.01.2014 00:36:22.675,1.48165,1.47965,2.4200,1.4900
15.01.2014 00:36:24.106,1.48164,1.47964,1.2100,2.2900
15.01.2014 00:36:25.378,1.48165,1.47965,2.7600,2.5600
15.01.2014 00:36:26.926,1.48163,1.47963,1.9200,1.2700
15.01.2014 00:36:28.367,1.48165,1.47965,2.0300,2.6800
15.01.2014 00:36:29.821,1.48163,1.47963,2.7800,2.0700
15.01.2014 00:36:31.127,1.48163,1.47963,1.9200,2.6200
15.01.2014 00:36:32.336,1.48158,1.47958,1.7800,1.5000
15.01.2014 00:36:33.774,1.48158,1.47958,2.0200,2.4100
15.01.2014 00:36:35.041,1.48158,1.47958,1.5700,1.7800
15.01.2014 00:36:36.490,1.48157,1.47957,2.2500,1.8800
15.01.2014 00:36:37.854,1.48159,1.47959,2.7700,2.0000
15.01.2014 00:36:39.350,1.48162,1.47962,2.8700,2.8900
15.01.2014 00:36:40.874,1.48159,1.47959,1.1800,1.1200
15.01.2014 00:36:42.301,1.48159,1.47959,2.0300,1.0700
15.01.2014 00:36:43.832,1.48159,1.47959,1.0800,2.9300
15.01.2014 00:36:45.200,1.48159,1.47959,2.8700,2.0700
15.01.2014 00:36:46.725,1.48155,1.47955,2.3800,1.4100
15.01.2014 00:36:48.267,1.48153,1.47953,1.1800,2.4400
15.01.2014 00:36:49.792,1.48151,1.47951,2.1900,1.5400
15.01.2014 00:36:51.096,1.48152,1.47952,1.8500,1.1600
15.01.2014 00:36:52.441,1.48153,1.47953,2.2600,2.8800
15.01.2014 00:36:53.920,1.48154,1.47954,1.1400,1.1900
15.01.2014 00:36:55.275,1.48152,1.47952,2.8300,1.9400
15.01.2014 00:36:56.783,1.48152,1.47952,2.6900,1.7200
15.01.2014 00:36:58.138,1.48155,1.47955,2.5500,1.9700
15.01.2014 00:36:59.639,1.48153,1.47953,2.8000,2.8300
15.01.2014 00:37:01.200,1.48156,1.47956,1.4800,1.2300
15.01.2014 00:37:02.614,1.48158,1.47958,1.2000,3.0000
15.01.2014 00:37:03.919,1.48160,1.47960,2.4900,1.4400
15.01.2014 00:37:05.318,1.48161,1.47961,1.1700,1.0200
15.01.2014 00:37:06.826,1.48161,1.47961,1.3500,2.7300
15.01.2014 00:37:08.251,1.48161,1.47961,2.0700,1.0500
15.01.2014 00:37:09.690,1.48162,1.47962,1.7100,1.3500
15.01.2014 00:37:11.244,1.48164,1.47964,2.9200,2.6500
15.01.2014 00:37:12.671,1.48162,1.47962,1.2500,1.5800
15.01.2014 00:37:13.929,1.48164,1.47964,1.3100,2.4400
15.01.2014 00:37:15.435,1.48162,1.47962,2.0700,1.7800
15.01.2014 00:37:16.648,1.48163,1.47963,2.2000,1.8700
15.01.2014 00:37:18.140,1.48163,1.47963,1.8100,2.6300
15.01.2014 00:37:19.515,1.48164,1.47964,2.1100,1.0400
15.01.2014 00:37:20.818,1.48162,1.47962,1.7800,1.5100
15.01.2014 00:37:22.334,1.48162,1.47962,1.3200,1.0400
15.01.2014 00:37:23.678,1.48163,1.47963,1.1200,2.0100
15.01.2014 00:37:24.918,1.48160,1.47960,1.9700,2.3600
15.01.2014 00:37:26.330,1.48159,1.47959,2.0000,2.0500
15.01.2014 00:37:27.705,1.48161,1.47961,2.0800,1.5500
15.01.2014 00:37:29.015,1.48160,1.47960,2.4700,2.4900
15.01.2014 00:37:30.594,1.48162,1.47962,2.1100,1.9800
15.01.2014 00:37:32.033,1.48161,1.47961,2.5000,1.2400
15.01.2014 00:37:33.320,1.48161,1.47961,1.2200,2.8600
15.01.2014 00:37:34.725,1.48163,1.47963,1.4900,2.9600
15.01.2014 00:37:36.007,1.48163,1.47963,2.5600,1.9200
15.01.2014 00:37:37.428,1.48165,1.47965,1.9500,2.0100
15.01.2014 00:37:38.735,1.48166,1.47966,1.8100,2.6700
15.01.2014 00:37:40.022,1.48166,1.47966,2.5400,1.5600
15.01.2014 00:37:41.602,1.48162,1.47962,1.5100,1.9900
15.01.2014 00:37:43.071,1.48165,1.47965,2.5900,1.9700
15.01.2014 00:37:44.532,1.48165,1.47965,1.3800,1.7000
15.01.2014 00:37:45.899,1.48164,1.47964,2.5800,2.7800
15.01.2014 00:37:47.284,1.48164,1.47964,1.9600,2.0600
15.01.2014 00:37:48.552,1.48165,1.47965,1.8100,2.5200
15.01.2014 00:37:50.029,1.48164,1.47964,1.4000,2.6700
15.01.2014 00:37:51.468,1.48165,1.47965,1.5300,1.8800
15.01.2014 00:37:52.931,1.48166,1.47966,1.1400,2.8800
15.01.2014 00:37:54.400,1.48167,1.47967,2.8800,2.5500
15.01.2014 00:37:55.629,1.48167,1.47967,1.6300,1.6200
15.01.2014 00:37:57.107,1.48164,1.47964,1.1000,2.9400
15.01.2014 00:37:58.510,1.48164,1.47964,2.7200,2.8700
15.01.2014 00:37:59.795,1.48162,1.47962,2.2300,1.4100
15.01.2014 00:38:01.228,1.48161,1.47961,1.8600,1.5500
15.01.2014 00:38:02.718,1.48161,1.47961,1.0100,1.9700
15.01.2014 00:38:04.045,1.48159,1.47959,2.7100,1.9800
15.01.2014 00:38:05.470,1.48159,1.47959,2.0200,1.3700
15.01.2014 00:38:06.951,1.48161,1.47961,1.6000,2.2100
15.01.2014 00:38:08.517,1.48162,1.47962,1.5300,2.2500
15.01.2014 00:38:09.938,1.48166,1.47966,1.6600,1.0100
15.01.2014 00:38:11.598,1.48162,1.47962,1.1700,2.5600
15.01.2014 00:38:13.105,1.48164,1.47964,1.8900,1.3300
15.01.2014 00:38:14.523,1.48166,1.47966,1.6300,2.9600
15.01.2014 00:38:15.776,1.48167,1.47967,1.7800,2.0100
15.01.2014 00:38:17.257,1.48171,1.47971,1.3200,2.2100
15.01.2014 00:38:18.339,1.48170,1.47970,2.1400,2.7400
15.01.2014 00:38:19.762,1.48170,1.47970,1.6100,2.9900
15.01.2014 00:38:21.074,1.48171,1.47971,2.2500,1.3200
15.01.2014 00:38:22.379,1.48174,1.47974,2.6600,1.2600
15.01.2014 00:38:23.689,1.48173,1.47973,2.6000,2.7800
15.01.2014 00:38:25.086,1.48173,1.47973,2.1500,1.9700
15.01.2014 00:38:26.562,1.48172,1.47972,1.0800,1.5700
15.01.2014 00:38:27.862,1.48169,1.47969,1.8500,1.6400
15.01.2014 00:38:29.131,1.48169,1.47969,2.4100,2.0100
15.01.2014 00:38:30.423,1.48170,1.47970,2.8300,1.0500
15.01.2014 00:38:31.893,1.48170,1.47970,1.4900,2.6000
15.01.2014 00:38:33.314,1.48171,1.47971,2.7100,1.1800
15.01.2014 00:38:34.678,1.48169,1.47969,1.5800,1.3900
15.01.2014 00:38:36.124,1.48170,1.47970,2.0600,1.3400
15.01.2014 00:38:37.720,1.48170,1.47970,1.8000,2.5600
15.01.2014 00:38:39.007,1.48173,1.47973,1.3100,2.0100
15.01.2014 00:38:40.539,1.48174,1.47974,2.0200,2.8500
15.01.2014 00:38:41.865,1.48173,1.47973,2.8700,2.3100
15.01.2014 00:38:43.260,1.48174,1.47974,2.9300,1.5900
15.01.2014 00:38:44.696,1.48174,1.47974,1.4100,1.7000
15.01.2014 00:38:46.045,1.48172,1.47972,2.6700,2.4300
15.01.2014 00:38:47.298,1.48171,1.47971,2.0600,2.7300
15.01.2014 00:38:48.682,1.48170,1.47970,1.2100,2.5100
15.01.2014 00:38:49.953,1.48171,1.47971,2.9800,1.4800
15.01.2014 00:38:51.160,1.48171,1.47971,2.8500,2.8900
15.01.2014 00:38:52.613,1.48172,1.47972,1.2900,2.9500
15.01.2014 00:38:53.914,1.48172,1.47972,1.4300,2.6300
15.01.2014 00:38:55.381,1.48172,1.47972,1.5900,1.4900
15.01.2014 00:38:56.884,1.48170,1.47970,1.2400,2.7900
15.01.2014 00:38:58.125,1.48171,1.47971,2.6100,1.8200
15.01.2014 00:38:59.569,1.48172,1.47972,1.6700,1.0800
15.01.2014 00:39:01.012,1.48170,1.47970,2.5800,2.9700
15.01.2014 00:39:02.426,1.48175,1.47975,2.0400,1.0100
15.01.2014 00:39:03.658,1.48177,1.47977,1.7200,1.2600
15.01.2014 00:39:04.970,1.48175,1.47975,1.1400,2.1200
15.01.2014 00:39:06.427,1.48175,1.47975,1.8500,1.0600
15.01.2014 00:39:08.035,1.48173,1.47973,1.5100,2.0700
15.01.2014 00:39:09.370,1.48173,1.47973,1.4600,1.7500
15.01.2014 00:39:10.703,1.48174,1.47974,2.2000,1.2100
15.01.2014 00:39:12.057,1.48177,1.47977,1.1100,2.7400
15.01.2014 00:39:13.461,1.48177,1.47977,1.4500,2.9400
15.01.2014 00:39:14.841,1.48176,1.47976,1.8200,2.2700
15.01.2014 00:39:16.296,1.48176,1.47976,2.5700,2.5500
15.01.2014 00:39:17.503,1.48175,1.47975,1.7700,1.8900
15.01.2014 00:39:18.985,1.48176,1.47976,1.8300,1.6100
15.01.2014 00:39:20.277,1.48178,1.47978,2.8500,2.2000
15.01.2014 00:39:21.727,1.48180,1.47980,2.4100,1.3400
15.01.2014 00:39:22.988,1.48178,1.47978,1.6000,2.7100
15.01.2014 00:39:24.418,1.48179,1.47979,2.2800,2.1900
15.01.2014 00:39:25.892,1.48179,1.47979,1.8000,1.5000
15.01.2014 00:39:27.311,1.48178,1.47978,2.9300,1.9400
15.01.2014 00:39:28.671,1.48179,1.47979,2.2100,2.0200
15.01.2014 00:39:30.029,1.48178,1.47978,2.8700,1.9400
15.01.2014 00:39:31.474,1.48179,1.47979,1.3200,1.2500
15.01.2014 00:39:32.658,1.48177,1.47977,2.2200,1.7400
15.01.2014 00:39:34.038,1.48176,1.47976,2.8600,1.9700
15.01.2014 00:39:35.229,1.48176,1.47976,2.3200,1.0700
15.01.2014 00:39:36.730,1.48172,1.47972,1.4000,2.5500
15.01.2014 00:39:38.153,1.48170,1.47970,1.2100,2.4400
15.01.2014 00:39:39.720,1.48170,1.47970,2.8900,2.9300
15.01.2014 00:39:41.026,1.48170,1.47970,2.9400,1.0700
15.01.2014 00:39:42.376,1.48169,1.47969,1.2800,2.9600
15.01.2014 00:39:43.713,1.48171,1.47971,1.9300,2.4400
15.01.2014 00:39:45.143,1.48173,1.47973,1.5500,1.7100
15.01.2014 00:39:46.505,1.48175,1.47975,1.1900,1.1200
15.01.2014 00:39:47.974,1.48178,1.47978,1.1200,1.3000
15.01.2014 00:39:49.407,1.48179,1.47979,2.2500,1.7700
15.01.2014 00:39:50.854,1.48180,1.47980,1.0200,1.8200
15.01.2014 00:39:52.328,1.48180,1.47980,1.0700,2.9700
15.01.2014 00:39:53.888,1.48182,1.47982,1.2800,1.0300
15.01.2014 00:39:55.342,1.48181,1.47981,2.9400,2.4400
15.01.2014 00:39:56.688,1.48182,1.47982,1.8900,1.0700
15.01.2014 00:39:58.015,1.48182,1.47982,1.5000,1.3100
15.01.2014 00:39:59.392,1.48183,1.47983,2.8400,1.1100
15.01.2014 00:40:00.807,1.48184,1.47984,2.4500,1.3800
15.01.2014 00:40:01.962,1.48184,1.47984,2.5600,1.6100
15.01.2014 00:40:03.368,1.48184,1.47984,2.8900,1.4700
15.01.2014 00:40:04.675,1.48184,1.47984,2.7300,1.9800
15.01.2014 00:40:06.114,1.48186,1.47986,2.1800,1.8000
15.01.2014 00:40:07.394,1.48187,1.47987,2.5400,1.1600
15.01.2014 00:40:08.788,1.48186,1.47986,1.7000,2.7500
15.01.2014 00:40:10.223,1.48186,1.47986,2.1300,2.8500
15.01.2014 00:40:11.766,1.48188,1.47988,2.2100,2.2600
15.01.2014 00:40:13.186,1.48189,1.47989,1.8300,2.8200
15.01.2014 00:40:14.803,1.48190,1.47990,2.0200,1.3300
15.01.2014 00:40:16.208,1.48189,1.47989,1.7800,1.6000
15.01.2014 00:40:17.748,1.48191,1.47991,2.4300,2.9300
15.01.2014 00:40:19.095,1.48192,1.47992,1.6200,1.6900
15.01.2014 00:40:20.410,1.48189,1.47989,2.9600,2.6300
15.01.2014 00:40:21.864,1.48185,1.47985,1.4000,2.6500
15.01.2014 00:40:23.291,1.48182,1.47982,1.4800,1.3300
15.01.2014 00:40:24.754,1.48183,1.47983,1.0000,1.0600
15.01.2014 00:40:26.163,1.48182,1.47982,2.2500,2.1200
15.01.2014 00:40:27.710,1.48182,1.47982,1.8700,1.4400
15.01.2014 00:40:29.181,1.48181,1.47981,1.8700,1.4500
15.01.2014 00:40:30.712,1.48181,1.47981,2.5900,1.1500
15.01.2014 00:40:32.075,1.48183,1.47983,2.8800,1.7200
15.01.2014 00:40:33.372,1.48184,1.47984,2.1800,1.6600
15.01.2014 00:40:34.785,1.48182,1.47982,2.7700,1.7400
15.01.2014 00:40:36.167,1.48183,1.47983,1.9000,1.0100
15.01.2014 00:40:37.567,1.48182,1.47982,2.8300,2.3300
15.01.2014 00:40:38.688,1.48181,1.47981,1.7900,2.9700
15.01.2014 00:40:40.190,1.48183,1.47983,2.1000,2.0400
15.01.2014 00:40:41.656,1.48184,1.47984,1.9600,2.7700
15.01.2014 00:40:43.215,1.48179,1.47979,1.0900,1.8800
15.01.2014 00:40:44.785,1.48176,1.47976,2.4400,1.8100
15.01.2014 00:40:46.042,1.48177,1.47977,2.6500,1.3800
15.01.2014 00:40:47.446,1.48179,1.47979,1.0000,2.3000
15.01.2014 00:40:48.851,1.48179,1.47979,2.3700,2.5400
15.01.2014 00:40:50.160,1.48180,1.47980,1.2500,1.5000
15.01.2014 00:40:51.435,1.48178,1.47978,1.0100,1.5600
15.01.2014 00:40:52.761,1.48179,1.47979,2.2800,1.8500
15.01.2014 00:40:54.094,1.48181,1.47981,2.5200,2.1000
15.01.2014 00:40:55.606,1.48182,1.47982,1.8400,1.0200
15.01.2014 00:40:56.950,1.48181,1.47981,1.8700,2.7700
15.01.2014 00:40:58.534,1.48181,1.47981,2.8600,2.6700
15.01.2014 00:41:00.043,1.48181,1.47981,2.5500,2.4000
15.01.2014 00:41:01.612,1.48183,1.47983,1.8400,2.9800
15.01.2014 00:41:03.068,1.48184,1.47984,2.7200,2.2400
15.01.2014 00:41:04.480,1.48181,1.47981,2.0400,1.9700
15.01.2014 00:41:05.864,1.48182,1.47982,2.2900,2.9300
15.01.2014 00:41:07.451,1.48182,1.47982,1.6000,1.2000
15.01.2014 00:41:08.854,1.48186,1.47986,1.9200,2.5400
15.01.2014 00:41:10.112,1.48187,1.47987,2.5900,2.4100
15.01.2014 00:41:11.600,1.48186,1.47986,1.3100,2.7200
15.01.2014 00:41:12.776,1.48185,1.47985,1.4200,2.0400
15.01.2014 00:41:14.010,1.48186,1.47986,2.9300,2.6500
15.01.2014 00:41:15.447,1.48182,1.47982,2.6000,2.7800
15.01.2014 00:41:16.890,1.48182,1.47982,1.9900,2.3200
15.01.2014 00:41:18.047,1.48182,1.47982,1.9300,1.7900
15.01.2014 00:41:19.452,1.48181,1.47981,1.0600,2.2700
15.01.2014 00:41:21.093,1.48177,1.47977,2.8400,1.1800
15.01.2014 00:41:22.435,1.48177,1.47977,1.2700,1.3300
15.01.2014 00:41:23.871,1.48176,1.47976,1.0400,2.3300
15.01.2014 00:41:25.238,1.48177,1.47977,1.5300,2.7500
15.01.2014 00:41:26.423,1.48177,1.47977,1.7600,2.1100
15.01.2014 00:41:27.876,1.48178,1.47978,1.8700,2.2300
15.01.2014 00:41:29.418,1.48177,1.47977,2.5200,2.5200
15.01.2014 00:41:30.717,1.48177,1.47977,2.0200,2.1700
15.01.2014 00:41:32.193,1.48179,1.47979,1.2600,1.1400
15.01.2014 00:41:33.804,1.48178,1.47978,1.9100,1.2000
15.01.2014 00:41:35.254,1.48181,1.47981,2.5700,1.1600
15.01.2014 00:41:36.736,1.48180,1.47980,1.7500,1.3600
15.01.2014 00:41:38.232,1.48184,1.47984,2.2300,2.1600
15.01.2014 00:41:39.440,1.48183,1.47983,1.6300,2.1400
15.01.2014 00:41:40.923,1.48185,1.47985,2.5300,1.2000
15.01.2014 00:41:42.340,1.48188,1.47988,2.2600,2.3400
15.01.2014 00:41:43.634,1.48189,1.47989,1.2900,1.3300
15.01.2014 00:41:45.001,1.48190,1.47990,1.7000,1.3500
15.01.2014 00:41:46.444,1.48188,1.47988,2.8900,1.5300
15.01.2014 00:41:47.827,1.48188,1.47988,2.5100,1.8100
15.01.2014 00:41:49.255,1.48185,1.47985,2.7300,2.9800
15.01.2014 00:41:50.787,1.48187,1.47987,1.4300,1.2900
15.01.2014 00:41:52.195,1.48186,1.47986,1.8800,2.8400
15.01.2014 00:41:53.485,1.48187,1.47987,2.1200,1.4800
15.01.2014 00:41:54.905,1.48185,1.47985,2.6600,2.0800
15.01.2014 00:41:56.348,1.48184,1.47984,1.7700,2.3200
15.01.2014 00:41:57.688,1.48186,1.47986,2.9600,2.9600
15.01.2014 00:41:59.048,1.48187,1.47987,1.8800,2.9700
15.01.2014 00:42:00.347,1.48186,1.47986,1.5800,1.8200
15.01.2014 00:42:01.780,1.48183,1.47983,2.7200,2.8300
15.01.2014 00:42:03.084,1.48185,1.47985,2.4400,1.3100
15.01.2014 00:42:04.454,1.48185,1.47985,2.4900,1.2300
15.01.2014 00:42:05.837,1.48182,1.47982,1.2500,2.7000
15.01.2014 00:42:07.102,1.48180,1.47980,2.6100,1.6700
15.01.2014 00:42:08.733,1.48182,1.47982,1.1900,1.2200
15.01.2014 00:42:10.040,1.48181,1.47981,2.9800,1.2900
15.01.2014 00:42:11.427,1.48184,1.47984,1.7200,2.4700
15.01.2014 00:42:12.988,1.48183,1.47983,1.5900,1.7000
15.01.2014 00:42:14.360,1.48183,1.47983,2.9100,2.2400
15.01.2014 00:42:15.695,1.48182,1.47982,1.2600,1.5900
15.01.2014 00:42:17.033,1.48182,1.47982,2.5900,2.9600
15.01.2014 00:42:18.329,1.48180,1.47980,2.2500,2.5400
15.01.2014 00:42:19.729,1.48181,1.47981,2.2400,2.6900
15.01.2014 00:42:20.935,1.48182,1.47982,1.4900,1.2200
15.01.2014 00:42:22.394,1.48183,1.47983,2.6300,1.3400
15.01.2014 00:42:23.654,1.48184,1.47984,1.7600,2.0600
15.01.2014 00:42:25.004,1.48183,1.47983,1.2500,2.8600
15.01.2014 00:42:26.523,1.48183,1.47983,2.4400,1.2400
15.01.2014 00:42:27.997,1.48184,1.47984,1.0600,2.1500
15.01.2014 00:42:29.412,1.48183,1.47983,1.7200,1.8100
15.01.2014 00:42:30.879,1.48183,1.47983,1.0600,2.2300
15.01.2014 00:42:32.344,1.48181,1.47981,2.2800,1.1600
15.01.2014 00:42:33.959,1.48178,1.47978,2.7300,2.3500
15.01.2014 00:42:35.451,1.48177,1.47977,1.4200,1.7200
15.01.2014 00:42:36.884,1.48178,1.47978,2.4800,2.2800
15.01.2014 00:42:38.257,1.48178,1.47978,1.9900,2.0000
15.01.2014 00:42:39.814,1.48178,1.47978,2.6400,1.7800
15.01.2014 00:42:41.234,1.48177,1.47977,1.5000,2.3100
15.01.2014 00:42:42.772,1.48176,1.47976,2.5100,2.4600
15.01.2014 00:42:44.253,1.48174,1.47974,2.1100,2.1700
15.01.2014 00:42:45.664,1.48172,1.47972,2.1800,1.3000
15.01.2014 00:42:46.996,1.48172,1.47972,2.5100,1.2400
15.01.2014 00:42:48.538,1.48172,1.47972,2.6700,2.3500
15.01.2014 00:42:50.014,1.48172,1.47972,1.4600,2.9400
15.01.2014 00:42:51.179,1.48174,1.47974,1.0700,1.8400
15.01.2014 00:42:52.553,1.48175,1.47975,2.0800,1.8500
15.01.2014 00:42:53.984,1.48175,1.47975,1.2700,1.5200
15.01.2014 00:42:55.353,1.48175,1.47975,1.9900,1.2400
15.01.2014 00:42:56.773,1.48175,1.47975,1.7600,1.8900
15.01.2014 00:42:58.272,1.48173,1.47973,1.3400,1.9500
15.01.2014 00:42:59.759,1.48174,1.47974,1.4400,2.7400
15.01.2014 00:43:01.093,1.48172,1.47972,1.8500,1.7300
15.01.2014 00:43:02.429,1.48174,1.47974,2.9500,1.8300
15.01.2014 00:43:03.920,1.48173,1.47973,1.3400,2.1900
15.01.2014 00:43:05.273,1.48170,1.47970,2.3300,1.6400
15.01.2014 00:43:06.695,1.48172,1.47972,1.7000,2.5600
15.01.2014 00:43:08.225,1.48170,1.47970,1.1100,2.3700
15.01.2014 00:43:09.508,1.48172,1.47972,1.0800,1.7000
15.01.2014 00:43:10.893,1.48173,1.47973,1.7300,2.8700
15.01.2014 00:43:12.259,1.48173,1.47973,2.5100,1.7100
15.01.2014 00:43:13.819,1.48171,1.47971,1.4700,2.6700
15.01.2014 00:43:15.222,1.48170,1.47970,1.8900,1.7000
