Time,Ask,Bid,AskVolume,BidVolume
06.01.2014 00:00:02.498,1.49728,1.49528,1.5900,2.6600
06.01.2014 00:00:04.067,1.49728,1.49528,1.7100,2.4200
06.01.2014 00:00:05.466,1.49731,1.49531,1.3300,1.2000
06.01.2014 00:00:06.976,1.49730,1.49530,1.5500,2.6500
06.01.2014 00:00:08.349,1.49729,1.49529,2.7300,1.5600
06.01.2014 00:00:09.733,1.49728,1.49528,1.9500,2.2600
06.01.2014 00:00:11.108,1.49726,1.49526,2.9400,1.8300
06.01.2014 00:00:12.588,1.49723,1.49523,1.8000,1.2800
06.01.2014 00:00:14.047,1.49723,1.49523,2.9200,1.4700
06.01.2014 00:00:15.392,1.49724,1.49524,2.9700,2.9500
06.01.2014 00:00:16.826,1.49723,1.49523,1.9700,1.0500
06.01.2014 00:00:18.305,1.49722,1.49522,1.5000,1.9000
06.01.2014 00:00:19.651,1.49721,1.49521,1.1700,1.4300
06.01.2014 00:00:21.083,1.49721,1.49521,2.7300,2.3400
06.01.2014 00:00:22.393,1.49724,1.49524,2.9700,1.5500
06.01.2014 00:00:23.888,1.49722,1.49522,2.0800,1.9700
06.01.2014 00:00:25.169,1.49724,1.49524,1.7400,1.1500
06.01.2014 00:00:26.608,1.49726,1.49526,2.2800,1.7300
06.01.2014 00:00:27.935,1.49727,1.49527,1.6400,1.6000
06.01.2014 00:00:29.251,1.49729,1.49529,1.7200,2.9000
06.01.2014 00:00:30.665,1.49733,1.49533,2.9000,2.7500
06.01.2014 00:00:32.023,1.49734,1.49534,2.1500,1.3100
06.01.2014 00:00:33.583,1.49737,1.49537,1.0100,1.9100
06.01.2014 00:00:34.836,1.49737,1.49537,1.4200,1.8300
06.01.2014 00:00:36.406,1.49737,1.49537,2.1100,2.6800
06.01.2014 00:00:37.767,1.49738,1.49538,2.9600,2.3800
06.01.2014 00:00:39.272,1.49737,1.49537,2.1300,2.0600
06.01.2014 00:00:40.862,1.49737,1.49537,2.3600,2.8000
06.01.2014 00:00:42.361,1.49739,1.49539,1.5900,2.4400
06.01.2014 00:00:43.699,1.49739,1.49539,2.1900,1.6200
06.01.2014 00:00:45.276,1.49739,1.49539,1.4200,2.2300
06.01.2014 00:00:46.658,1.49739,1.49539,1.4200,1.8300
06.01.2014 00:00:48.128,1.49737,1.49537,1.5600,2.1800
06.01.2014 00:00:49.512,1.49736,1.49536,1.1100,1.7900
06.01.2014 00:00:50.950,1.49738,1.49538,1.6000,2.2800
06.01.2014 00:00:52.322,1.49739,1.49539,2.6800,2.7700
06.01.2014 00:00:53.824,1.49740,1.49540,1.9900,1.1700
06.01.2014 00:00:55.278,1.49741,1.49541,2.0800,1.8800
06.01.2014 00:00:56.648,1.49740,1.49540,1.8600,1.4000
06.01.2014 00:00:57.933,1.49739,1.49539,2.1500,2.2600
06.01.2014 00:00:59.465,1.49737,1.49537,2.6400,1.9900
06.01.2014 00:01:00.785,1.49737,1.49537,2.6400,1.5200
06.01.2014 00:01:02.290,1.49734,1.49534,2.2900,1.4200
06.01.2014 00:01:03.790,1.49735,1.49535,1.4400,2.5100
06.01.2014 00:01:05.101,1.49735,1.49535,1.8400,1.7100
06.01.2014 00:01:06.427,1.49733,1.49533,1.0500,2.2400
06.01.2014 00:01:07.843,1.49734,1.49534,1.3500,1.2900
06.01.2014 00:01:09.270,1.49734,1.49534,1.4100,1.0700
06.01.2014 00:01:10.470,1.49735,1.49535,2.2400,1.2700
06.01.2014 00:01:11.862,1.49736,1.49536,1.7200,1.2900
06.01.2014 00:01:13.281,1.49738,1.49538,1.0300,2.3700
06.01.2014 00:01:14.579,1.49739,1.49539,2.1700,1.5000
06.01.2014 00:01:15.963,1.49740,1.49540,1.7700,2.2100
06.01.2014 00:01:17.236,1.49739,1.49539,1.9400,2.2000
06.01.2014 00:01:18.434,1.49741,1.49541,1.4400,2.7100
06.01.2014 00:01:19.919,1.49739,1.49539,2.7800,1.6100
06.01.2014 00:01:21.331,1.49743,1.49543,2.1200,2.5500
06.01.2014 00:01:22.598,1.49744,1.49544,1.3500,2.8000
06.01.2014 00:01:24.024,1.49742,1.49542,1.7400,2.8000
06.01.2014 00:01:25.332,1.49741,1.49541,2.3400,2.6700
06.01.2014 00:01:26.655,1.49741,1.49541,2.6100,1.6900
06.01.2014 00:01:28.070,1.49738,1.49538,2.5800,1.5900
06.01.2014 00:01:29.531,1.49737,1.49537,1.6500,1.3700
06.01.2014 00:01:31.091,1.49738,1.49538,2.4400,2.6800
06.01.2014 00:01:32.470,1.49735,1.49535,2.5600,1.0700
06.01.2014 00:01:33.998,1.49735,1.49535,2.9900,1.4300
06.01.2014 00:01:35.413,1.49739,1.49539,1.2500,2.7800
06.01.2014 00:01:36.808,1.49739,1.49539,2.2600,1.8400
06.01.2014 00:01:38.147,1.49738,1.49538,1.7200,1.9800
06.01.2014 00:01:39.542,1.49737,1.49537,1.7100,1.3400
06.01.2014 00:01:40.858,1.49736,1.49536,2.4800,2.4800
06.01.2014 00:01:42.256,1.49738,1.49538,2.0100,2.5000
06.01.2014 00:01:43.796,1.49739,1.49539,1.6300,1.6200
06.01.2014 00:01:45.154,1.49741,1.49541,2.8800,1.6400
06.01.2014 00:01:46.614,1.49745,1.49545,2.0000,2.7700
06.01.2014 00:01:47.976,1.49742,1.49542,1.3000,2.5700
06.01.2014 00:01:49.368,1.49742,1.49542,1.0400,1.2300
06.01.2014 00:01:50.842,1.49742,1.49542,2.2300,2.2900
06.01.2014 00:01:52.196,1.49739,1.49539,1.2600,1.2000
06.01.2014 00:01:53.525,1.49741,1.49541,1.7800,2.6100
06.01.2014 00:01:54.816,1.49743,1.49543,1.6600,1.2500
06.01.2014 00:01:56.471,1.49737,1.49537,1.4900,2.1400
06.01.2014 00:01:57.984,1.49740,1.49540,2.4100,1.0900
06.01.2014 00:01:59.266,1.49739,1.49539,2.6200,2.4100
06.01.2014 00:02:00.877,1.49740,1.49540,2.6700,2.5600
06.01.2014 00:02:02.293,1.49740,1.49540,2.4300,2.9700
06.01.2014 00:02:03.731,1.49742,1.49542,1.5900,1.6700
06.01.2014 00:02:05.191,1.49741,1.49541,2.9900,1.6200
06.01.2014 00:02:06.576,1.49743,1.49543,1.3600,2.4000
06.01.2014 00:02:07.933,1.49744,1.49544,1.2400,2.3600
06.01.2014 00:02:09.448,1.49746,1.49546,2.8900,2.2700
06.01.2014 00:02:11.015,1.49747,1.49547,1.6400,1.7600
06.01.2014 00:02:12.292,1.49747,1.49547,1.3800,1.3300
06.01.2014 00:02:13.604,1.49746,1.49546,2.4800,2.7000
06.01.2014 00:02:14.880,1.49745,1.49545,2.5300,2.4900
06.01.2014 00:02:16.331,1.49745,1.49545,2.8400,1.0900
06.01.2014 00:02:17.603,1.49747,1.49547,2.8500,1.3500
06.01.2014 00:02:18.889,1.49748,1.49548,2.9100,1.5600
06.01.2014 00:02:20.401,1.49750,1.49550,1.7500,1.0100
06.01.2014 00:02:21.750,1.49751,1.49551,1.5500,1.5400
06.01.2014 00:02:22.946,1.49750,1.49550,2.7000,1.9900
06.01.2014 00:02:24.449,1.49749,1.49549,2.7500,1.6700
06.01.2014 00:02:25.905,1.49750,1.49550,1.8500,1.2300
06.01.2014 00:02:27.269,1.49751,1.49551,2.5900,1.7600
06.01.2014 00:02:28.831,1.49751,1.49551,2.3900,1.0300
06.01.2014 00:02:30.435,1.49751,1.49551,1.2700,2.8200
06.01.2014 00:02:31.889,1.49747,1.49547,2.7600,1.4900
06.01.2014 00:02:33.235,1.49750,1.49550,2.0100,1.6900
06.01.2014 00:02:34.649,1.49752,1.49552,1.1500,2.0000
06.01.2014 00:02:36.041,1.49752,1.49552,1.6100,2.3400
06.01.2014 00:02:37.428,1.49751,1.49551,2.6700,1.6200
06.01.2014 00:02:38.720,1.49753,1.49553,2.7300,2.6300
06.01.2014 00:02:40.101,1.49753,1.49553,1.9500,2.4900
06.01.2014 00:02:41.573,1.49753,1.49553,1.7800,2.6600
06.01.2014 00:02:43.146,1.49752,1.49552,2.4300,1.2500
06.01.2014 00:02:44.580,1.49754,1.49554,2.3800,1.1300
06.01.2014 00:02:46.057,1.49752,1.49552,2.2100,2.2800
06.01.2014 00:02:47.421,1.49751,1.49551,2.3000,2.5700
06.01.2014 00:02:48.903,1.49750,1.49550,2.9700,2.4600
06.01.2014 00:02:50.310,1.49750,1.49550,2.5200,2.7600
06.01.2014 00:02:51.760,1.49748,1.49548,1.8000,1.5300
06.01.2014 00:02:53.172,1.49749,1.49549,1.4500,1.0500
06.01.2014 00:02:54.583,1.49751,1.49551,1.6300,1.3800
06.01.2014 00:02:55.991,1.49753,1.49553,1.0800,1.1800
06.01.2014 00:02:57.528,1.49752,1.49552,1.0100,2.5600
06.01.2014 00:02:58.998,1.49750,1.49550,2.9500,2.9900
06.01.2014 00:03:00.370,1.49747,1.49547,2.3100,2.4200
06.01.2014 00:03:01.794,1.49747,1.49547,2.6600,1.3400
06.01.2014 00:03:03.137,1.49748,1.49548,1.0500,2.4200
06.01.2014 00:03:04.608,1.49747,1.49547,2.3300,2.8000
06.01.2014 00:03:05.962,1.49748,1.49548,1.0400,1.2600
06.01.2014 00:03:07.275,1.49748,1.49548,2.7700,1.5100
06.01.2014 00:03:08.625,1.49748,1.49548,2.0100,1.1300
06.01.2014 00:03:10.049,1.49748,1.49548,2.3700,1.2000
06.01.2014 00:03:11.488,1.49748,1.49548,2.4200,1.2700
06.01.2014 00:03:13.042,1.49752,1.49552,1.1300,2.2600
06.01.2014 00:03:14.544,1.49754,1.49554,2.8800,1.0100
06.01.2014 00:03:15.878,1.49752,1.49552,1.7800,2.3200
06.01.2014 00:03:17.432,1.49755,1.49555,2.3600,2.0300
06.01.2014 00:03:18.752,1.49755,1.49555,1.0700,1.1200
06.01.2014 00:03:20.067,1.49756,1.49556,2.4600,2.5400
06.01.2014 00:03:21.442,1.49754,1.49554,1.1800,2.7200
06.01.2014 00:03:22.938,1.49756,1.49556,2.7200,1.4200
06.01.2014 00:03:24.391,1.49756,1.49556,1.4000,1.8200
06.01.2014 00:03:25.786,1.49754,1.49554,1.6200,2.4800
06.01.2014 00:03:27.224,1.49753,1.49553,2.0200,1.1300
06.01.2014 00:03:28.661,1.49748,1.49548,2.1000,1.0700
06.01.2014 00:03:30.060,1.49749,1.49549,2.4400,2.6800
06.01.2014 00:03:31.607,1.49748,1.49548,2.2000,1.3400
06.01.2014 00:03:33.077,1.49748,1.49548,2.5400,1.2200
06.01.2014 00:03:34.307,1.49747,1.49547,2.6700,1.9400
06.01.2014 00:03:35.669,1.49747,1.49547,1.2600,2.2700
06.01.2014 00:03:37.209,1.49745,1.49545,1.2700,2.7700
06.01.2014 00:03:38.569,1.49744,1.49544,1.2500,2.4400
06.01.2014 00:03:39.988,1.49742,1.49542,1.7100,1.7700
06.01.2014 00:03:41.348,1.49744,1.49544,2.0800,1.7200
06.01.2014 00:03:42.717,1.49745,1.49545,2.2400,1.5900
06.01.2014 00:03:43.963,1.49744,1.49544,1.0900,2.7200
06.01.2014 00:03:45.174,1.49744,1.49544,1.6400,1.4900
06.01.2014 00:03:46.506,1.49744,1.49544,2.3400,1.8800
06.01.2014 00:03:47.758,1.49746,1.49546,1.5400,1.1700
06.01.2014 00:03:49.078,1.49749,1.49549,2.8600,2.4800
06.01.2014 00:03:50.427,1.49752,1.49552,1.8700,2.2100
06.01.2014 00:03:52.007,1.49751,1.49551,2.9000,2.2400
06.01.2014 00:03:53.286,1.49750,1.49550,1.0600,2.7500
06.01.2014 00:03:54.788,1.49750,1.49550,1.5600,2.1100
06.01.2014 00:03:56.202,1.49753,1.49553,2.0100,1.2400
06.01.2014 00:03:57.575,1.49753,1.49553,1.9100,1.0800
06.01.2014 00:03:58.995,1.49752,1.49552,2.3200,2.1300
06.01.2014 00:04:00.350,1.49754,1.49554,2.3400,1.0400
06.01.2014 00:04:01.830,1.49754,1.49554,2.1600,1.6400
06.01.2014 00:04:03.213,1.49752,1.49552,1.8400,1.5900
06.01.2014 00:04:04.645,1.49753,1.49553,2.8400,1.7400
06.01.2014 00:04:06.031,1.49752,1.49552,1.0200,1.5000
06.01.2014 00:04:07.569,1.49752,1.49552,1.0000,2.8800
06.01.2014 00:04:08.942,1.49753,1.49553,2.7200,1.0100
06.01.2014 00:04:10.481,1.49754,1.49554,2.0900,2.2900
06.01.2014 00:04:12.049,1.49751,1.49551,2.4800,2.5200
06.01.2014 00:04:13.459,1.49752,1.49552,1.6100,1.3200
06.01.2014 00:04:14.828,1.49753,1.49553,1.0600,2.8600
06.01.2014 00:04:16.309,1.49755,1.49555,2.6100,2.2500
06.01.2014 00:04:17.831,1.49757,1.49557,1.8600,1.7500
06.01.2014 00:04:19.237,1.49756,1.49556,1.9900,2.3400
06.01.2014 00:04:20.779,1.49755,1.49555,2.5000,2.1000
06.01.2014 00:04:22.018,1.49756,1.49556,1.2700,1.9600
06.01.2014 00:04:23.336,1.49758,1.49558,2.2200,1.2900
06.01.2014 00:04:24.579,1.49759,1.49559,2.9900,1.3500
06.01.2014 00:04:26.017,1.49758,1.49558,2.5700,2.7800
06.01.2014 00:04:27.563,1.49759,1.49559,2.2200,2.7200
06.01.2014 00:04:29.057,1.49763,1.49563,2.3700,1.7500
06.01.2014 00:04:30.397,1.49765,1.49565,2.5200,2.8000
06.01.2014 00:04:31.866,1.49765,1.49565,1.1500,2.4900
06.01.2014 00:04:33.193,1.49766,1.49566,1.9300,2.1000
06.01.2014 00:04:34.742,1.49769,1.49569,1.2800,1.9500
06.01.2014 00:04:36.205,1.49767,1.49567,2.9700,1.0300
06.01.2014 00:04:37.780,1.49765,1.49565,1.3700,1.0100
06.01.2014 00:04:39.230,1.49766,1.49566,1.5300,1.2900
06.01.2014 00:04:40.569,1.49762,1.49562,1.9700,2.0900
06.01.2014 00:04:41.826,1.49763,1.49563,1.1200,3.0000
06.01.2014 00:04:43.237,1.49764,1.49564,1.6500,1.4500
06.01.2014 00:04:44.715,1.49765,1.49565,1.7500,2.8200
06.01.2014 00:04:46.123,1.49765,1.49565,2.4100,2.4800
06.01.2014 00:04:47.533,1.49763,1.49563,2.6700,1.9700
06.01.2014 00:04:48.774,1.49764,1.49564,1.4800,2.4800
06.01.2014 00:04:50.225,1.49764,1.49564,2.0100,2.0200
06.01.2014 00:04:51.617,1.49763,1.49563,1.0700,1.3500
06.01.2014 00:04:52.986,1.49763,1.49563,2.2400,2.5200
06.01.2014 00:04:54.475,1.49763,1.49563,2.9800,1.0400
06.01.2014 00:04:55.790,1.49765,1.49565,2.4900,1.3100
06.01.2014 00:04:57.298,1.49766,1.49566,2.4700,1.4200
06.01.2014 00:04:58.668,1.49763,1.49563,1.3000,2.4200
06.01.2014 00:05:00.138,1.49764,1.49564,1.1100,2.6700
06.01.2014 00:05:01.387,1.49765,1.49565,2.1700,1.9900
06.01.2014 00:05:02.781,1.49766,1.49566,2.4200,1.6700
06.01.2014 00:05:04.243,1.49764,1.49564,1.1800,1.6200
06.01.2014 00:05:05.525,1.49767,1.49567,1.2800,2.1100
06.01.2014 00:05:07.058,1.49768,1.49568,2.4800,2.5000
06.01.2014 00:05:08.488,1.49768,1.49568,1.1400,1.8600
06.01.2014 00:05:09.910,1.49767,1.49567,1.7200,2.8600
06.01.2014 00:05:11.405,1.49766,1.49566,1.6700,1.6100
06.01.2014 00:05:12.778,1.49766,1.49566,2.9400,2.3500
06.01.2014 00:05:14.286,1.49765,1.49565,2.4800,2.1600
06.01.2014 00:05:15.742,1.49762,1.49562,2.5500,1.8000
06.01.2014 00:05:17.127,1.49765,1.49565,2.9000,1.0400
06.01.2014 00:05:18.473,1.49762,1.49562,2.3100,2.1100
06.01.2014 00:05:19.741,1.49761,1.49561,2.6000,1.2700
06.01.2014 00:05:21.062,1.49761,1.49561,1.2900,1.1400
06.01.2014 00:05:22.381,1.49762,1.49562,2.5700,2.7500
06.01.2014 00:05:23.862,1.49762,1.49562,1.0300,1.7500
06.01.2014 00:05:25.210,1.49763,1.49563,2.9100,1.1000
06.01.2014 00:05:26.745,1.49761,1.49561,2.6400,1.6600
06.01.2014 00:05:28.292,1.49763,1.49563,1.4300,2.2100
06.01.2014 00:05:29.815,1.49760,1.49560,1.9200,2.8700
06.01.2014 00:05:31.016,1.49758,1.49558,1.7600,2.4700
06.01.2014 00:05:32.268,1.49758,1.49558,2.8800,1.9700
06.01.2014 00:05:33.554,1.49756,1.49556,2.4500,1.5600
06.01.2014 00:05:35.063,1.49758,1.49558,2.5400,1.2900
06.01.2014 00:05:36.517,1.49757,1.49557,1.4000,1.5700
06.01.2014 00:05:37.764,1.49758,1.49558,2.9800,2.5900
06.01.2014 00:05:39.114,1.49755,1.49555,2.4800,1.5300
06.01.2014 00:05:40.437,1.49755,1.49555,2.2400,1.7900
06.01.2014 00:05:41.769,1.49754,1.49554,2.7200,1.1500
06.01.2014 00:05:43.011,1.49755,1.49555,1.2800,2.1700
06.01.2014 00:05:44.400,1.49755,1.49555,2.0700,1.6300
06.01.2014 00:05:45.859,1.49755,1.49555,2.9000,2.1500
06.01.2014 00:05:47.196,1.49755,1.49555,2.4400,1.3100
06.01.2014 00:05:48.669,1.49757,1.49557,2.2200,2.7900
06.01.2014 00:05:50.086,1.49755,1.49555,1.5900,2.2600
06.01.2014 00:05:51.413,1.49751,1.49551,2.2300,2.8500
06.01.2014 00:05:52.860,1.49749,1.49549,2.4400,1.5000
06.01.2014 00:05:54.190,1.49748,1.49548,2.9600,2.0100
06.01.2014 00:05:55.667,1.49748,1.49548,1.5400,1.2600
06.01.2014 00:05:57.030,1.49747,1.49547,1.0500,1.3700
06.01.2014 00:05:58.514,1.49746,1.49546,2.9600,1.5200
06.01.2014 00:05:59.854,1.49746,1.49546,1.6700,1.4000
06.01.2014 00:06:01.247,1.49745,1.49545,1.6100,2.7700
06.01.2014 00:06:02.644,1.49744,1.49544,1.4300,1.1600
06.01.2014 00:06:03.934,1.49742,1.49542,2.7500,2.0500
06.01.2014 00:06:05.331,1.49739,1.49539,2.6300,2.1400
06.01.2014 00:06:06.723,1.49739,1.49539,1.8100,1.2000
06.01.2014 00:06:08.075,1.49741,1.49541,2.8500,1.0400
06.01.2014 00:06:09.405,1.49741,1.49541,2.4500,2.4700
06.01.2014 00:06:10.962,1.49742,1.49542,2.6100,2.9500
06.01.2014 00:06:12.384,1.49741,1.49541,1.2700,2.5600
06.01.2014 00:06:13.941,1.49739,1.49539,2.4900,1.3400
06.01.2014 00:06:15.383,1.49737,1.49537,1.9800,2.1000
06.01.2014 00:06:16.819,1.49735,1.49535,2.0000,1.2900
06.01.2014 00:06:18.168,1.49731,1.49531,2.5900,1.9400
06.01.2014 00:06:19.704,1.49735,1.49535,1.1200,1.8200
06.01.2014 00:06:21.181,1.49732,1.49532,2.8000,2.7300
06.01.2014 00:06:22.691,1.49732,1.49532,2.0600,1.3500
06.01.2014 00:06:24.094,1.49734,1.49534,2.6600,1.7500
06.01.2014 00:06:25.599,1.49733,1.49533,1.2100,2.6600
06.01.2014 00:06:26.972,1.49729,1.49529,2.1500,2.1800
06.01.2014 00:06:28.560,1.49731,1.49531,2.9000,2.6300
06.01.2014 00:06:29.827,1.49729,1.49529,1.3700,1.7100
06.01.2014 00:06:31.116,1.49729,1.49529,1.1600,2.1100
06.01.2014 00:06:32.598,1.49727,1.49527,1.9800,1.3200
06.01.2014 00:06:33.977,1.49728,1.49528,2.3200,1.4000
06.01.2014 00:06:35.533,1.49726,1.49526,2.1800,2.9200
06.01.2014 00:06:36.889,1.49724,1.49524,1.6100,1.8600
06.01.2014 00:06:38.261,1.49721,1.49521,1.6000,1.6700
06.01.2014 00:06:39.747,1.49721,1.49521,1.4000,2.2000
06.01.2014 00:06:41.098,1.49719,1.49519,1.9800,1.4200
06.01.2014 00:06:42.590,1.49721,1.49521,1.3300,1.2600
06.01.2014 00:06:44.028,1.49721,1.49521,1.3000,1.0600
06.01.2014 00:06:45.385,1.49719,1.49519,1.6600,1.3600
06.01.2014 00:06:46.757,1.49720,1.49520,1.5900,2.3200
06.01.2014 00:06:48.258,1.49723,1.49523,1.9800,1.5300
06.01.2014 00:06:49.610,1.49720,1.49520,2.9700,1.2400
06.01.2014 00:06:50.968,1.49722,1.49522,1.4500,2.5100
06.01.2014 00:06:52.143,1.49724,1.49524,1.5900,2.6000
06.01.2014 00:06:53.523,1.49725,1.49525,1.6900,1.2600
06.01.2014 00:06:54.817,1.49727,1.49527,1.2000,1.7600
06.01.2014 00:06:56.112,1.49728,1.49528,1.9500,1.2400
06.01.2014 00:06:57.441,1.49728,1.49528,1.4900,1.9300
06.01.2014 00:06:58.840,1.49726,1.49526,2.6500,1.5900
06.01.2014 00:07:00.179,1.49726,1.49526,1.1600,2.9900
06.01.2014 00:07:01.539,1.49724,1.49524,2.1500,2.9000
06.01.2014 00:07:02.788,1.49722,1.49522,1.7900,1.7900
06.01.2014 00:07:04.180,1.49724,1.49524,2.4300,2.6900
06.01.2014 00:07:05.589,1.49722,1.49522,2.5400,2.1400
06.01.2014 00:07:06.781,1.49722,1.49522,2.7700,2.0900
06.01.2014 00:07:08.033,1.49721,1.49521,1.5300,2.4100
06.01.2014 00:07:09.304,1.49722,1.49522,2.1400,1.3900
06.01.2014 00:07:10.807,1.49723,1.49523,2.7800,2.7800
06.01.2014 00:07:12.243,1.49724,1.49524,2.6500,2.6800
06.01.2014 00:07:13.704,1.49725,1.49525,1.0800,1.2700
06.01.2014 00:07:15.143,1.49726,1.49526,1.1800,1.3000
06.01.2014 00:07:16.411,1.49728,1.49528,2.8700,1.5400
06.01.2014 00:07:17.829,1.49731,1.49531,1.8700,1.5900
06.01.2014 00:07:19.309,1.49730,1.49530,2.8500,1.7800
06.01.2014 00:07:20.758,1.49729,1.49529,2.5500,1.2100
06.01.2014 00:07:21.996,1.49728,1.49528,2.9300,1.5900
06.01.2014 00:07:23.312,1.49727,1.49527,2.8500,2.1400
06.01.2014 00:07:24.696,1.49726,1.49526,2.6500,2.6400
06.01.2014 00:07:26.076,1.49728,1.49528,2.2400,1.4900
06.01.2014 00:07:27.566,1.49730,1.49530,2.4600,1.1400
06.01.2014 00:07:28.792,1.49731,1.49531,1.6600,1.7700
06.01.2014 00:07:30.292,1.49732,1.49532,2.7500,2.6300
06.01.2014 00:07:31.701,1.49732,1.49532,1.3800,2.7300
06.01.2014 00:07:33.152,1.49732,1.49532,2.5900,2.0800
06.01.2014 00:07:34.672,1.49733,1.49533,1.7400,1.3300
06.01.2014 00:07:36.180,1.49731,1.49531,2.0700,2.1200
06.01.2014 00:07:37.530,1.49732,1.49532,1.0800,1.8800
06.01.2014 00:07:38.689,1.49731,1.49531,2.8500,1.5500
06.01.2014 00:07:39.945,1.49730,1.49530,2.9400,2.9000
06.01.2014 00:07:41.146,1.49729,1.49529,1.7800,2.2400
06.01.2014 00:07:42.483,1.49728,1.49528,2.4200,2.7700
06.01.2014 00:07:43.985,1.49727,1.49527,1.2400,1.0600
06.01.2014 00:07:45.382,1.49725,1.49525,2.3300,2.8600
06.01.2014 00:07:46.730,1.49724,1.49524,1.0300,1.5100
06.01.2014 00:07:48.046,1.49722,1.49522,1.3000,2.7900
06.01.2014 00:07:49.434,1.49722,1.49522,2.9200,1.8600
06.01.2014 00:07:50.767,1.49720,1.49520,2.7400,2.4500
06.01.2014 00:07:52.096,1.49721,1.49521,1.5900,1.5400
06.01.2014 00:07:53.467,1.49723,1.49523,1.7300,2.8000
06.01.2014 00:07:54.829,1.49721,1.49521,2.9100,2.1500
06.01.2014 00:07:56.099,1.49719,1.49519,2.8200,1.3100
06.01.2014 00:07:57.498,1.49718,1.49518,1.2600,2.5500
06.01.2014 00:07:58.908,1.49720,1.49520,2.0700,1.1900
06.01.2014 00:08:00.336,1.49719,1.49519,1.7700,1.9800
06.01.2014 00:08:01.803,1.49718,1.49518,1.3700,1.8400
06.01.2014 00:08:03.066,1.49716,1.49516,1.7500,2.0800
06.01.2014 00:08:04.383,1.49715,1.49515,2.1200,2.3000
06.01.2014 00:08:05.793,1.49718,1.49518,2.2800,2.3500
06.01.2014 00:08:07.052,1.49719,1.49519,2.1200,1.6500
06.01.2014 00:08:08.626,1.49722,1.49522,2.9900,2.5700
06.01.2014 00:08:09.962,1.49722,1.49522,1.8900,2.1900
06.01.2014 00:08:11.530,1.49725,1.49525,2.9900,2.0000
06.01.2014 00:08:12.885,1.49725,1.49525,2.0000,1.9800
06.01.2014 00:08:14.315,1.49722,1.49522,1.8300,2.9500
06.01.2014 00:08:15.755,1.49724,1.49524,1.4200,2.8900
06.01.2014 00:08:17.065,1.49724,1.49524,1.1700,2.8200
06.01.2014 00:08:18.503,1.49724,1.49524,2.3700,2.6500
06.01.2014 00:08:19.815,1.49724,1.49524,1.9500,1.5700
06.01.2014 00:08:21.365,1.49724,1.49524,1.7700,1.9200
06.01.2014 00:08:22.709,1.49723,1.49523,1.0200,1.8600
06.01.2014 00:08:24.128,1.49722,1.49522,2.0500,1.2400
06.01.2014 00:08:25.556,1.49723,1.49523,1.6400,2.0000
06.01.2014 00:08:27.120,1.49724,1.49524,1.4400,2.0900
06.01.2014 00:08:28.481,1.49724,1.49524,2.8800,2.3200
06.01.2014 00:08:29.876,1.49724,1.49524,1.9400,1.1500
06.01.2014 00:08:31.425,1.49723,1.49523,1.1500,1.8500
06.01.2014 00:08:32.865,1.49720,1.49520,2.5800,2.2400
06.01.2014 00:08:34.196,1.49723,1.49523,1.1200,1.2000
06.01.2014 00:08:35.761,1.49724,1.49524,2.8000,2.6600
06.01.2014 00:08:37.186,1.49724,1.49524,2.9200,2.0200
06.01.2014 00:08:38.627,1.49726,1.49526,1.1000,1.9900
06.01.2014 00:08:39.946,1.49726,1.49526,1.8300,2.4900
06.01.2014 00:08:41.456,1.49728,1.49528,2.1300,1.6700
06.01.2014 00:08:42.802,1.49730,1.49530,2.6400,2.6700
06.01.2014 00:08:44.308,1.49732,1.49532,2.4700,1.5900
06.01.2014 00:08:45.747,1.49731,1.49531,1.3700,2.7700
06.01.2014 00:08:47.251,1.49731,1.49531,2.4900,1.4600
06.01.2014 00:08:48.604,1.49731,1.49531,1.1500,1.1200
06.01.2014 00:08:49.972,1.49730,1.49530,2.9600,2.5400
06.01.2014 00:08:51.341,1.49732,1.49532,1.1500,2.5100
06.01.2014 00:08:52.663,1.49732,1.49532,2.5000,2.0000
06.01.2014 00:08:54.186,1.49732,1.49532,1.4700,1.1000
06.01.2014 00:08:55.475,1.49732,1.49532,1.1600,1.7600
06.01.2014 00:08:56.808,1.49733,1.49533,1.5700,1.4900
06.01.2014 00:08:58.327,1.49731,1.49531,2.0400,2.4100
06.01.2014 00:08:59.829,1.49729,1.49529,1.7400,2.2200
06.01.2014 00:09:01.218,1.49727,1.49527,2.3100,1.5100
06.01.2014 00:09:02.815,1.49724,1.49524,2.2200,1.9500
06.01.2014 00:09:04.277,1.49720,1.49520,2.4700,2.3800
06.01.2014 00:09:05.705,1.49719,1.49519,1.5700,2.4700
06.01.2014 00:09:07.157,1.49719,1.49519,1.8300,2.6900
06.01.2014 00:09:08.558,1.49720,1.49520,1.5600,2.1100
06.01.2014 00:09:09.804,1.49722,1.49522,1.7800,1.6700
06.01.2014 00:09:11.204,1.49724,1.49524,2.7200,1.0700
06.01.2014 00:09:12.483,1.49725,1.49525,1.4700,2.6600
06.01.2014 00:09:13.872,1.49724,1.49524,2.4300,1.6800
06.01.2014 00:09:15.376,1.49727,1.49527,2.8300,2.6300
06.01.2014 00:09:16.957,1.49726,1.49526,2.7600,2.8900
06.01.2014 00:09:18.478,1.49728,1.49528,2.5000,1.7500
06.01.2014 00:09:19.911,1.49731,1.49531,1.0800,1.7100
06.01.2014 00:09:21.450,1.49733,1.49533,2.7100,1.3300
06.01.2014 00:09:22.975,1.49731,1.49531,1.0000,2.4800
06.01.2014 00:09:24.371,1.49729,1.49529,2.7900,2.1300
06.01.2014 00:09:25.837,1.49731,1.49531,1.9300,2.0500
06.01.2014 00:09:27.212,1.49732,1.49532,2.9800,2.1700
06.01.2014 00:09:28.780,1.49729,1.49529,2.8000,2.4900
06.01.2014 00:09:30.056,1.49729,1.49529,2.3100,2.9600
06.01.2014 00:09:31.593,1.49728,1.49528,1.3300,1.5200
06.01.2014 00:09:32.990,1.49730,1.49530,1.7300,1.6600
06.01.2014 00:09:34.475,1.49728,1.49528,2.4100,2.1500
06.01.2014 00:09:35.829,1.49729,1.49529,1.5600,2.4200
06.01.2014 00:09:37.104,1.49729,1.49529,2.9700,2.4800
06.01.2014 00:09:38.566,1.49731,1.49531,1.4300,1.9800
06.01.2014 00:09:39.951,1.49731,1.49531,2.1300,1.3900
06.01.2014 00:09:41.500,1.49731,1.49531,2.6000,1.8700
06.01.2014 00:09:43.106,1.49734,1.49534,2.8200,2.0800
06.01.2014 00:09:44.473,1.49732,1.49532,2.8000,1.7200
06.01.2014 00:09:45.846,1.49733,1.49533,2.4900,1.7100
06.01.2014 00:09:47.383,1.49735,1.49535,2.4300,2.2300
06.01.2014 00:09:48.739,1.49735,1.49535,1.6800,2.5600
06.01.2014 00:09:50.171,1.49736,1.49536,2.0600,1.6500
06.01.2014 00:09:51.579,1.49735,1.49535,2.8200,1.4000
06.01.2014 00:09:52.906,1.49735,1.49535,1.5100,1.4500
06.01.2014 00:09:54.308,1.49735,1.49535,2.0300,1.5100
06.01.2014 00:09:55.672,1.49737,1.49537,1.6700,2.4500
06.01.2014 00:09:57.001,1.49736,1.49536,2.6500,1.4500
06.01.2014 00:09:58.446,1.49734,1.49534,2.8900,2.9100
06.01.2014 00:09:59.928,1.49736,1.49536,1.1200,2.1200
06.01.2014 00:10:01.249,1.49734,1.49534,2.3300,1.7000
06.01.2014 00:10:02.610,1.49734,1.49534,2.3800,2.7000
06.01.2014 00:10:03.798,1.49736,1.49536,1.9000,2.0700
06.01.2014 00:10:05.043,1.49733,1.49533,2.7000,1.7300
06.01.2014 00:10:06.601,1.49733,1.49533,1.5000,2.9600
06.01.2014 00:10:07.999,1.49734,1.49534,2.3800,1.7800
06.01.2014 00:10:09.215,1.49733,1.49533,1.8700,1.2200
06.01.2014 00:10:10.683,1.49734,1.49534,2.9600,2.9000
06.01.2014 00:10:11.872,1.49736,1.49536,1.2900,1.9100
06.01.2014 00:10:13.404,1.49732,1.49532,2.7000,2.8900
06.01.2014 00:10:14.792,1.49733,1.49533,1.4400,1.9300
06.01.2014 00:10:16.168,1.49730,1.49530,2.3700,2.2200
06.01.2014 00:10:17.421,1.49730,1.49530,2.5900,1.7200
06.01.2014 00:10:18.767,1.49729,1.49529,1.8300,2.8500
06.01.2014 00:10:20.120,1.49731,1.49531,1.2900,2.4500
06.01.2014 00:10:21.542,1.49736,1.49536,1.1600,2.9000
06.01.2014 00:10:22.907,1.49737,1.49537,1.7400,1.5100
06.01.2014 00:10:24.398,1.49735,1.49535,2.9400,1.8500
06.01.2014 00:10:25.939,1.49734,1.49534,1.6700,2.0200
06.01.2014 00:10:27.348,1.49736,1.49536,1.9400,1.7100
06.01.2014 00:10:28.846,1.49740,1.49540,1.9800,2.5000
06.01.2014 00:10:30.232,1.49740,1.49540,2.1300,1.2700
06.01.2014 00:10:31.666,1.49740,1.49540,2.5700,2.7500
06.01.2014 00:10:32.963,1.49741,1.49541,2.8600,2.2100
06.01.2014 00:10:34.370,1.49741,1.49541,2.3500,2.6500
06.01.2014 00:10:35.712,1.49741,1.49541,1.8000,2.6100
06.01.2014 00:10:36.911,1.49742,1.49542,1.3400,1.4800
06.01.2014 00:10:38.255,1.49742,1.49542,1.0500,2.3700
06.01.2014 00:10:39.576,1.49742,1.49542,2.6200,1.0600
06.01.2014 00:10:40.864,1.49742,1.49542,1.2700,1.9300
06.01.2014 00:10:42.397,1.49743,1.49543,1.0300,1.6700
06.01.2014 00:10:43.923,1.49744,1.49544,2.1300,2.7400
06.01.2014 00:10:45.215,1.49745,1.49545,1.9800,2.2400
06.01.2014 00:10:46.551,1.49742,1.49542,1.3600,2.6000
06.01.2014 00:10:47.850,1.49741,1.49541,2.6100,1.2300
06.01.2014 00:10:49.299,1.49742,1.49542,2.0500,2.5000
06.01.2014 00:10:50.499,1.49740,1.49540,2.8300,1.6200
06.01.2014 00:10:51.909,1.49740,1.49540,2.3000,1.2100
06.01.2014 00:10:53.396,1.49737,1.49537,1.8500,1.8400
06.01.2014 00:10:54.742,1.49738,1.49538,1.6200,1.1000
06.01.2014 00:10:56.252,1.49741,1.49541,2.5400,2.2000
06.01.2014 00:10:57.692,1.49742,1.49542,2.8700,1.7000
06.01.2014 00:10:58.857,1.49743,1.49543,2.5200,2.0600
06.01.2014 00:11:00.291,1.49743,1.49543,2.7600,1.8100
06.01.2014 00:11:01.599,1.49743,1.49543,1.8200,1.9800
06.01.2014 00:11:03.100,1.49744,1.49544,1.0800,2.3800
06.01.2014 00:11:04.301,1.49746,1.49546,2.6300,1.0900
06.01.2014 00:11:05.808,1.49744,1.49544,2.3600,2.5300
06.01.2014 00:11:07.214,1.49743,1.49543,2.5700,1.0900
06.01.2014 00:11:08.622,1.49744,1.49544,2.1700,2.6600
06.01.2014 00:11:10.182,1.49744,1.49544,2.9700,1.9400
06.01.2014 00:11:11.726,1.49747,1.49547,2.3300,2.1200
06.01.2014 00:11:12.978,1.49747,1.49547,1.6400,2.8200
06.01.2014 00:11:14.440,1.49746,1.49546,2.7900,1.5100
06.01.2014 00:11:15.759,1.49744,1.49544,1.5900,2.4800
06.01.2014 00:11:17.187,1.49744,1.49544,2.8300,1.3300
06.01.2014 00:11:18.714,1.49743,1.49543,1.8100,2.3600
06.01.2014 00:11:20.024,1.49743,1.49543,1.1600,2.1100
06.01.2014 00:11:21.408,1.49743,1.49543,2.2200,1.2400
06.01.2014 00:11:22.610,1.49745,1.49545,1.6600,2.9600
06.01.2014 00:11:23.998,1.49747,1.49547,2.7200,2.2400
06.01.2014 00:11:25.477,1.49751,1.49551,1.7700,2.0400
06.01.2014 00:11:26.955,1.49753,1.49553,2.8800,1.6800
06.01.2014 00:11:28.326,1.49753,1.49553,2.4900,2.7900
06.01.2014 00:11:29.620,1.49753,1.49553,2.8900,1.0600
06.01.2014 00:11:30.987,1.49754,1.49554,1.4700,2.7100
06.01.2014 00:11:32.377,1.49751,1.49551,1.3600,2.8100
06.01.2014 00:11:33.772,1.49751,1.49551,1.7200,1.9400
06.01.2014 00:11:34.993,1.49751,1.49551,1.7000,2.3700
06.01.2014 00:11:36.519,1.49751,1.49551,1.5000,2.9500
06.01.2014 00:11:37.928,1.49751,1.49551,1.4700,1.5300
06.01.2014 00:11:39.259,1.49753,1.49553,1.0300,2.7100
06.01.2014 00:11:40.833,1.49752,1.49552,2.2200,1.5800
06.01.2014 00:11:42.114,1.49751,1.49551,1.6600,1.8900
06.01.2014 00:11:43.638,1.49747,1.49547,2.6300,2.5000
06.01.2014 00:11:44.938,1.49745,1.49545,1.8200,1.1700
06.01.2014 00:11:46.386,1.49744,1.49544,1.4800,1.4000
06.01.2014 00:11:47.921,1.49743,1.49543,1.1900,1.1000
06.01.2014 00:11:49.230,1.49743,1.49543,2.7500,2.5600
06.01.2014 00:11:50.735,1.49744,1.49544,1.9700,2.7900
06.01.2014 00:11:52.207,1.49747,1.49547,1.7900,1.3500
06.01.2014 00:11:53.637,1.49750,1.49550,2.0100,1.9400
06.01.2014 00:11:55.271,1.49750,1.49550,1.8000,1.7400
06.01.2014 00:11:56.811,1.49750,1.49550,2.0300,1.1400
06.01.2014 00:11:58.259,1.49752,1.49552,1.2300,1.0500
06.01.2014 00:11:59.652,1.49751,1.49551,1.7600,1.5800
06.01.2014 00:12:01.066,1.49752,1.49552,1.0400,1.5200
06.01.2014 00:12:02.813,1.49751,1.49551,2.6800,1.7400
06.01.2014 00:12:04.242,1.49753,1.49553,2.5100,2.0900
06.01.2014 00:12:05.589,1.49755,1.49555,1.0900,2.7100
06.01.2014 00:12:06.956,1.49755,1.49555,1.7200,1.4900
06.01.2014 00:12:08.457,1.49758,1.49558,2.0200,1.1100
06.01.2014 00:12:09.847,1.49755,1.49555,2.7800,1.1900
06.01.2014 00:12:11.117,1.49755,1.49555,2.0000,2.2000
06.01.2014 00:12:12.494,1.49757,1.49557,1.3100,2.9900
06.01.2014 00:12:13.986,1.49758,1.49558,1.4300,2.1900
06.01.2014 00:12:15.303,1.49757,1.49557,1.1200,1.6300
06.01.2014 00:12:16.664,1.49756,1.49556,2.1400,1.0000
06.01.2014 00:12:17.899,1.49756,1.49556,1.1500,1.7200
06.01.2014 00:12:19.227,1.49755,1.49555,1.2000,1.7100
06.01.2014 00:12:20.672,1.49757,1.49557,1.4800,1.9900
06.01.2014 00:12:21.964,1.49757,1.49557,2.9900,1.2200
06.01.2014 00:12:23.429,1.49759,1.49559,1.2800,1.0700
06.01.2014 00:12:24.894,1.49760,1.49560,2.9900,2.5700
06.01.2014 00:12:26.226,1.49758,1.49558,2.2300,2.6300
06.01.2014 00:12:27.569,1.49757,1.49557,2.5200,1.7600
06.01.2014 00:12:29.023,1.49755,1.49555,2.5100,1.5300
06.01.2014 00:12:30.432,1.49754,1.49554,2.7400,2.2000
06.01.2014 00:12:31.727,1.49755,1.49555,1.9200,2.5600
06.01.2014 00:12:33.036,1.49756,1.49556,1.6700,1.4900
06.01.2014 00:12:34.452,1.49757,1.49557,1.8900,1.4500
06.01.2014 00:12:36.003,1.49760,1.49560,1.0800,2.0300
06.01.2014 00:12:37.512,1.49760,1.49560,2.3000,2.5800
06.01.2014 00:12:38.811,1.49758,1.49558,1.9400,2.4600
06.01.2014 00:12:40.285,1.49757,1.49557,1.3900,1.0600
06.01.2014 00:12:41.536,1.49758,1.49558,2.9800,2.0400
06.01.2014 00:12:42.816,1.49758,1.49558,1.1300,2.4200
06.01.2014 00:12:44.178,1.49759,1.49559,2.5100,2.7200
06.01.2014 00:12:45.625,1.49759,1.49559,1.0900,2.4500
06.01.2014 00:12:46.875,1.49761,1.49561,2.4500,2.3900
06.01.2014 00:12:48.184,1.49762,1.49562,2.0200,2.9000
06.01.2014 00:12:49.472,1.49764,1.49564,2.1800,2.8900
06.01.2014 00:12:50.808,1.49762,1.49562,2.6100,1.9000
06.01.2014 00:12:52.205,1.49760,1.49560,2.6500,2.2000
06.01.2014 00:12:53.743,1.49759,1.49559,1.3700,2.9700
06.01.2014 00:12:55.296,1.49756,1.49556,1.3000,2.4200
06.01.2014 00:12:56.702,1.49758,1.49558,2.9900,1.8400
06.01.2014 00:12:58.049,1.49754,1.49554,2.4900,2.0000
06.01.2014 00:12:59.413,1.49753,1.49553,1.1600,2.7600
06.01.2014 00:13:00.658,1.49754,1.49554,2.8200,2.2700
06.01.2014 00:13:02.049,1.49758,1.49558,1.8100,2.7100
06.01.2014 00:13:03.567,1.49754,1.49554,2.8700,1.4200
06.01.2014 00:13:05.034,1.49752,1.49552,2.1000,1.0300
06.01.2014 00:13:06.427,1.49754,1.49554,2.6100,2.1000
06.01.2014 00:13:07.630,1.49756,1.49556,1.6900,2.5200
06.01.2014 00:13:09.007,1.49756,1.49556,1.6400,2.3300
06.01.2014 00:13:10.354,1.49755,1.49555,2.7000,2.4200
06.01.2014 00:13:11.817,1.49755,1.49555,1.9100,1.2300
06.01.2014 00:13:13.307,1.49755,1.49555,1.3400,2.8600
06.01.2014 00:13:14.628,1.49756,1.49556,1.0300,2.8200
06.01.2014 00:13:16.237,1.49755,1.49555,1.6100,2.9000
06.01.2014 00:13:17.513,1.49755,1.49555,1.8000,1.8700
06.01.2014 00:13:18.865,1.49756,1.49556,2.3200,2.1800
06.01.2014 00:13:20.179,1.49757,1.49557,1.3500,2.1700
06.01.2014 00:13:21.643,1.49756,1.49556,1.9300,2.8500
06.01.2014 00:13:23.026,1.49754,1.49554,2.2300,2.0100
06.01.2014 00:13:24.499,1.49754,1.49554,2.1200,2.7800
06.01.2014 00:13:25.875,1.49754,1.49554,2.5500,1.5800
06.01.2014 00:13:27.070,1.49754,1.49554,1.2600,2.9800
06.01.2014 00:13:28.553,1.49753,1.49553,1.0900,1.7200
06.01.2014 00:13:29.735,1.49752,1.49552,1.6600,2.5900
06.01.2014 00:13:30.811,1.49753,1.49553,1.3500,2.8200
06.01.2014 00:13:32.244,1.49752,1.49552,2.6800,2.7900
06.01.2014 00:13:33.535,1.49754,1.49554,2.8600,1.2100
06.01.2014 00:13:34.950,1.49754,1.49554,1.9900,2.7000
06.01.2014 00:13:36.406,1.49755,1.49555,2.4000,1.7100
06.01.2014 00:13:37.936,1.49755,1.49555,1.6600,2.9000
06.01.2014 00:13:39.359,1.49754,1.49554,1.3000,2.2600
06.01.2014 00:13:40.735,1.49753,1.49553,2.6100,1.8800
06.01.2014 00:13:42.189,1.49752,1.49552,2.0900,1.8200
06.01.2014 00:13:43.553,1.49750,1.49550,2.2000,2.3500
06.01.2014 00:13:45.054,1.49751,1.49551,2.9400,2.9100
06.01.2014 00:13:46.589,1.49753,1.49553,1.4400,1.7300
06.01.2014 00:13:48.145,1.49753,1.49553,1.7900,1.8300
06.01.2014 00:13:49.492,1.49754,1.49554,2.7400,2.9200
06.01.2014 00:13:50.932,1.49756,1.49556,2.4800,1.9400
06.01.2014 00:13:52.070,1.49756,1.49556,1.1100,2.4700
06.01.2014 00:13:53.402,1.49756,1.49556,1.7600,2.3800
06.01.2014 00:13:54.792,1.49757,1.49557,2.3700,2.1900
06.01.2014 00:13:56.129,1.49758,1.49558,2.0900,2.3200
06.01.2014 00:13:57.384,1.49756,1.49556,2.0600,2.4200
06.01.2014 00:13:58.833,1.49756,1.49556,1.9200,1.7500
06.01.2014 00:14:00.112,1.49759,1.49559,2.7000,1.1300
06.01.2014 00:14:01.716,1.49758,1.49558,1.2000,1.0600
06.01.2014 00:14:03.246,1.49759,1.49559,2.7200,1.0700
06.01.2014 00:14:04.642,1.49759,1.49559,1.5700,2.1100
06.01.2014 00:14:06.012,1.49756,1.49556,1.7100,2.8400
06.01.2014 00:14:07.343,1.49755,1.49555,1.6300,2.6000
06.01.2014 00:14:08.815,1.49756,1.49556,2.1000,1.2800
06.01.2014 00:14:10.057,1.49752,1.49552,2.7800,2.3100
06.01.2014 00:14:11.588,1.49752,1.49552,1.6800,1.8000
06.01.2014 00:14:13.007,1.49753,1.49553,1.2800,1.3200
06.01.2014 00:14:14.504,1.49753,1.49553,2.5300,1.8700
06.01.2014 00:14:15.831,1.49753,1.49553,1.6600,1.8000
06.01.2014 00:14:17.159,1.49753,1.49553,1.8100,1.0200
06.01.2014 00:14:18.394,1.49749,1.49549,1.3400,1.6500
06.01.2014 00:14:19.629,1.49749,1.49549,1.7000,2.5200
06.01.2014 00:14:20.975,1.49750,1.49550,2.4300,1.8400
06.01.2014 00:14:22.410,1.49753,1.49553,2.3100,2.7800
06.01.2014 00:14:23.955,1.49753,1.49553,2.9500,1.4900
06.01.2014 00:14:25.478,1.49751,1.49551,2.5000,1.3700
06.01.2014 00:14:27.096,1.49752,1.49552,1.9100,1.5700
06.01.2014 00:14:28.324,1.49753,1.49553,2.8400,1.2100
06.01.2014 00:14:29.710,1.49754,1.49554,1.3000,2.2200
06.01.2014 00:14:31.143,1.49757,1.49557,1.2700,1.4200
06.01.2014 00:14:32.522,1.49752,1.49552,2.7700,1.0900
06.01.2014 00:14:34.045,1.49756,1.49556,2.7400,1.8600
06.01.2014 00:14:35.436,1.49755,1.49555,1.3800,2.2700
06.01.2014 00:14:37.008,1.49755,1.49555,2.7600,1.2100
06.01.2014 00:14:38.518,1.49755,1.49555,1.0000,1.3200
06.01.2014 00:14:39.912,1.49751,1.49551,2.2200,2.6900
06.01.2014 00:14:41.150,1.49752,1.49552,1.0500,2.4200
06.01.2014 00:14:42.507,1.49750,1.49550,1.4700,2.5800
06.01.2014 00:14:43.936,1.49753,1.49553,2.7400,1.6000
06.01.2014 00:14:45.265,1.49754,1.49554,2.0800,2.4700
06.01.2014 00:14:46.656,1.49754,1.49554,1.2000,2.8200
06.01.2014 00:14:48.060,1.49755,1.49555,2.8200,1.0900
06.01.2014 00:14:49.457,1.49755,1.49555,1.1100,2.1200
06.01.2014 00:14:50.813,1.49756,1.49556,2.5500,1.8200
06.01.2014 00:14:52.173,1.49754,1.49554,1.9100,2.4900
06.01.2014 00:14:53.622,1.49756,1.49556,2.5800,2.6700
06.01.2014 00:14:55.055,1.49753,1.49553,1.8400,2.3100
06.01.2014 00:14:56.455,1.49751,1.49551,2.9700,1.9400
06.01.2014 00:14:57.829,1.49751,1.49551,2.6200,2.4200
06.01.2014 00:14:59.338,1.49751,1.49551,1.6100,1.8000
06.01.2014 00:15:00.904,1.49751,1.49551,1.6200,2.6100
06.01.2014 00:15:02.286,1.49755,1.49555,1.4700,1.6200
06.01.2014 00:15:03.618,1.49753,1.49553,2.7400,2.7800
06.01.2014 00:15:05.111,1.49751,1.49551,1.1300,2.1900
06.01.2014 00:15:06.398,1.49751,1.49551,1.8800,1.4100
06.01.2014 00:15:07.915,1.49753,1.49553,1.3400,1.2600
06.01.2014 00:15:09.438,1.49754,1.49554,2.3600,2.1800
06.01.2014 00:15:10.727,1.49756,1.49556,1.1600,2.4500
06.01.2014 00:15:12.030,1.49754,1.49554,1.1000,1.5300
06.01.2014 00:15:13.312,1.49753,1.49553,1.1400,2.7400
06.01.2014 00:15:14.789,1.49753,1.49553,1.7900,2.0300
06.01.2014 00:15:16.098,1.49751,1.49551,1.5400,1.9300
06.01.2014 00:15:17.345,1.49750,1.49550,2.7900,1.9900
06.01.2014 00:15:18.611,1.49750,1.49550,1.2300,1.0500
06.01.2014 00:15:20.271,1.49746,1.49546,1.2800,1.5200
06.01.2014 00:15:21.483,1.49745,1.49545,1.2200,1.0100
06.01.2014 00:15:22.775,1.49745,1.49545,2.1100,1.0800
06.01.2014 00:15:24.199,1.49744,1.49544,1.1300,2.7800
06.01.2014 00:15:25.629,1.49745,1.49545,1.0100,1.9000
06.01.2014 00:15:27.074,1.49743,1.49543,1.9500,1.7000
06.01.2014 00:15:28.418,1.49743,1.49543,1.7500,1.7100
06.01.2014 00:15:29.897,1.49742,1.49542,1.6800,1.8800
06.01.2014 00:15:31.446,1.49744,1.49544,1.9800,1.1800
06.01.2014 00:15:32.803,1.49746,1.49546,2.2000,2.6800
06.01.2014 00:15:34.102,1.49748,1.49548,2.5500,2.6900
06.01.2014 00:15:35.460,1.49746,1.49546,2.2700,2.9900
06.01.2014 00:15:36.905,1.49748,1.49548,2.0500,2.1800
06.01.2014 00:15:38.503,1.49751,1.49551,2.4000,1.5400
06.01.2014 00:15:39.926,1.49749,1.49549,2.5500,2.9200
06.01.2014 00:15:41.453,1.49748,1.49548,2.3100,2.6200
06.01.2014 00:15:42.909,1.49746,1.49546,1.6600,2.0600
06.01.2014 00:15:44.169,1.49749,1.49549,1.4300,1.1900
06.01.2014 00:15:45.529,1.49748,1.49548,1.2000,2.9200
06.01.2014 00:15:47.014,1.49747,1.49547,2.8200,1.5000
06.01.2014 00:15:48.396,1.49745,1.49545,1.5700,1.5300
06.01.2014 00:15:49.716,1.49746,1.49546,2.6900,1.5700
06.01.2014 00:15:51.141,1.49743,1.49543,2.5200,1.1600
06.01.2014 00:15:52.502,1.49743,1.49543,1.6900,1.7000
06.01.2014 00:15:53.963,1.49743,1.49543,2.9100,1.7400
06.01.2014 00:15:55.218,1.49745,1.49545,1.9800,2.8200
06.01.2014 00:15:56.376,1.49746,1.49546,2.8600,1.7500
06.01.2014 00:15:57.649,1.49748,1.49548,1.2000,1.0700
06.01.2014 00:15:58.960,1.49748,1.49548,1.4800,2.2700
06.01.2014 00:16:00.345,1.49747,1.49547,1.7600,2.2400
06.01.2014 00:16:01.784,1.49748,1.49548,1.1700,1.7900
06.01.2014 00:16:03.165,1.49749,1.49549,1.5500,1.5100
06.01.2014 00:16:04.777,1.49749,1.49549,2.5000,1.2000
06.01.2014 00:16:06.234,1.49748,1.49548,1.3000,2.5700
06.01.2014 00:16:07.589,1.49745,1.49545,1.6000,2.1700
06.01.2014 00:16:09.099,1.49743,1.49543,1.9800,1.9500
06.01.2014 00:16:10.691,1.49742,1.49542,1.1200,2.3100
06.01.2014 00:16:12.046,1.49746,1.49546,1.8700,1.4600
06.01.2014 00:16:13.468,1.49747,1.49547,1.3100,1.8300
06.01.2014 00:16:14.934,1.49749,1.49549,2.4500,2.6100
06.01.2014 00:16:16.242,1.49749,1.49549,1.0200,1.1800
06.01.2014 00:16:17.844,1.49748,1.49548,1.6400,2.2800
06.01.2014 00:16:19.176,1.49747,1.49547,1.4400,2.0200
06.01.2014 00:16:20.520,1.49750,1.49550,2.3700,2.0000
06.01.2014 00:16:21.908,1.49750,1.49550,1.4800,1.2100
06.01.2014 00:16:23.356,1.49749,1.49549,2.7800,1.7400
06.01.2014 00:16:24.876,1.49746,1.49546,1.6300,1.2000
06.01.2014 00:16:26.393,1.49745,1.49545,2.5700,2.0100
06.01.2014 00:16:27.731,1.49746,1.49546,1.4300,2.9000
06.01.2014 00:16:29.048,1.49749,1.49549,1.2100,1.7400
06.01.2014 00:16:30.601,1.49748,1.49548,1.9900,2.3300
06.01.2014 00:16:32.005,1.49749,1.49549,2.4700,1.2100
06.01.2014 00:16:33.496,1.49749,1.49549,2.5300,2.8700
06.01.2014 00:16:34.958,1.49751,1.49551,2.3400,2.6800
06.01.2014 00:16:36.305,1.49752,1.49552,1.5100,2.5300
06.01.2014 00:16:37.729,1.49751,1.49551,1.8200,1.8900
06.01.2014 00:16:39.136,1.49749,1.49549,2.1100,2.9800
06.01.2014 00:16:40.523,1.49750,1.49550,2.7600,1.3100
06.01.2014 00:16:41.865,1.49752,1.49552,1.7800,1.3400
06.01.2014 00:16:43.211,1.49755,1.49555,2.3400,1.5300
06.01.2014 00:16:44.744,1.49756,1.49556,2.5300,2.3700
06.01.2014 00:16:46.138,1.49758,1.49558,1.0500,2.3300
06.01.2014 00:16:47.470,1.49756,1.49556,1.3000,2.2600
06.01.2014 00:16:49.011,1.49758,1.49558,2.7700,2.1900
06.01.2014 00:16:50.403,1.49758,1.49558,2.1700,2.9000
06.01.2014 00:16:51.706,1.49757,1.49557,1.1600,2.7800
06.01.2014 00:16:53.021,1.49759,1.49559,1.7700,1.5200
06.01.2014 00:16:54.382,1.49757,1.49557,1.6900,2.2000
06.01.2014 00:16:55.856,1.49758,1.49558,1.9800,2.5800
06.01.2014 00:16:57.206,1.49756,1.49556,1.5600,2.3700
06.01.2014 00:16:58.566,1.49755,1.49555,1.7600,2.6300
06.01.2014 00:16:59.981,1.49756,1.49556,1.0200,1.8900
06.01.2014 00:17:01.398,1.49757,1.49557,1.9500,1.7000
06.01.2014 00:17:02.919,1.49758,1.49558,1.7200,1.5100
06.01.2014 00:17:04.246,1.49758,1.49558,1.5900,2.6400
06.01.2014 00:17:05.613,1.49756,1.49556,1.1000,1.2600
06.01.2014 00:17:07.033,1.49754,1.49554,1.9500,2.9000
06.01.2014 00:17:08.366,1.49756,1.49556,1.8500,2.4400
06.01.2014 00:17:09.689,1.49758,1.49558,1.2300,1.6000
06.01.2014 00:17:11.042,1.49759,1.49559,1.5500,1.0900
06.01.2014 00:17:12.489,1.49760,1.49560,1.1800,2.1700
06.01.2014 00:17:13.898,1.49758,1.49558,2.5400,1.1200
06.01.2014 00:17:15.395,1.49757,1.49557,1.8900,1.2500
06.01.2014 00:17:16.957,1.49757,1.49557,1.6200,2.8100
06.01.2014 00:17:18.475,1.49755,1.49555,2.4000,2.8200
06.01.2014 00:17:19.949,1.49756,1.49556,2.1200,1.6600
06.01.2014 00:17:21.394,1.49754,1.49554,1.2400,2.9000
06.01.2014 00:17:22.994,1.49756,1.49556,1.2800,1.1400
06.01.2014 00:17:24.439,1.49756,1.49556,1.0400,1.1500
06.01.2014 00:17:25.795,1.49757,1.49557,1.4900,2.2100
06.01.2014 00:17:27.273,1.49756,1.49556,1.2700,1.4400
06.01.2014 00:17:28.543,1.49757,1.49557,1.7400,2.0100
06.01.2014 00:17:30.038,1.49756,1.49556,1.1600,2.5700
06.01.2014 00:17:31.477,1.49756,1.49556,1.0100,2.9100
06.01.2014 00:17:32.860,1.49757,1.49557,2.0400,2.3200
06.01.2014 00:17:34.215,1.49758,1.49558,2.5700,2.2500
06.01.2014 00:17:35.631,1.49758,1.49558,2.4500,1.5500
06.01.2014 00:17:36.898,1.49760,1.49560,1.3000,2.9400
06.01.2014 00:17:38.225,1.49760,1.49560,1.9500,2.3500
06.01.2014 00:17:39.562,1.49759,1.49559,2.7500,1.8200
06.01.2014 00:17:41.059,1.49762,1.49562,2.2100,2.9600
06.01.2014 00:17:42.343,1.49761,1.49561,2.3300,1.9600
06.01.2014 00:17:43.621,1.49761,1.49561,1.4100,2.1100
06.01.2014 00:17:45.054,1.49761,1.49561,2.0400,1.5100
06.01.2014 00:17:46.546,1.49761,1.49561,2.8100,2.2200
06.01.2014 00:17:47.894,1.49761,1.49561,2.5200,2.9200
06.01.2014 00:17:49.182,1.49762,1.49562,2.2000,1.1600
06.01.2014 00:17:50.632,1.49764,1.49564,1.7300,2.0800
06.01.2014 00:17:52.136,1.49763,1.49563,2.1300,2.6200
06.01.2014 00:17:53.689,1.49763,1.49563,2.5700,2.9000
06.01.2014 00:17:55.017,1.49764,1.49564,1.6000,1.0400
06.01.2014 00:17:56.399,1.49766,1.49566,1.9100,2.0300
06.01.2014 00:17:57.841,1.49767,1.49567,1.3800,2.1100
06.01.2014 00:17:59.267,1.49769,1.49569,2.8300,1.3600
06.01.2014 00:18:00.866,1.49769,1.49569,1.6500,2.6800
06.01.2014 00:18:02.280,1.49767,1.49567,1.8200,1.3400
06.01.2014 00:18:03.562,1.49768,1.49568,1.5700,1.5200
06.01.2014 00:18:04.994,1.49768,1.49568,1.1000,2.4200
06.01.2014 00:18:06.409,1.49767,1.49567,2.2200,2.9600
06.01.2014 00:18:07.795,1.49767,1.49567,2.9400,1.0100
06.01.2014 00:18:09.220,1.49768,1.49568,1.2600,2.2900
06.01.2014 00:18:10.638,1.49766,1.49566,1.6700,2.3600
06.01.2014 00:18:11.863,1.49768,1.49568,2.5700,2.3800
06.01.2014 00:18:13.160,1.49769,1.49569,2.3100,2.3500
06.01.2014 00:18:14.671,1.49769,1.49569,2.8600,2.6300
06.01.2014 00:18:15.976,1.49770,1.49570,2.0800,1.4800
06.01.2014 00:18:17.250,1.49769,1.49569,2.6800,1.9900
06.01.2014 00:18:18.808,1.49767,1.49567,1.7400,1.1600
06.01.2014 00:18:20.208,1.49767,1.49567,1.2000,1.7500
06.01.2014 00:18:21.611,1.49768,1.49568,2.6300,2.7600
06.01.2014 00:18:23.179,1.49768,1.49568,1.6900,1.4300
06.01.2014 00:18:24.578,1.49767,1.49567,1.1900,1.6400
06.01.2014 00:18:25.958,1.49768,1.49568,1.3200,2.5100
06.01.2014 00:18:27.354,1.49769,1.49569,2.2900,2.3000
06.01.2014 00:18:28.794,1.49767,1.49567,1.2900,2.3900
06.01.2014 00:18:30.036,1.49763,1.49563,1.6000,1.6700
06.01.2014 00:18:31.504,1.49765,1.49565,2.4600,2.4800
06.01.2014 00:18:32.911,1.49765,1.49565,1.3200,1.9900
06.01.2014 00:18:34.272,1.49766,1.49566,2.0100,1.6200
06.01.2014 00:18:35.632,1.49766,1.49566,1.7700,1.3600
06.01.2014 00:18:37.135,1.49766,1.49566,1.4800,1.1400
06.01.2014 00:18:38.452,1.49766,1.49566,1.4500,1.0800
06.01.2014 00:18:39.857,1.49765,1.49565,2.9800,2.4300
06.01.2014 00:18:41.256,1.49766,1.49566,1.0100,2.9700
06.01.2014 00:18:42.700,1.49765,1.49565,2.0800,1.9700
06.01.2014 00:18:44.004,1.49768,1.49568,2.7200,1.5000
06.01.2014 00:18:45.399,1.49770,1.49570,1.6700,2.4800
06.01.2014 00:18:46.987,1.49768,1.49568,2.6100,2.9600
06.01.2014 00:18:48.400,1.49768,1.49568,2.9900,1.9900
06.01.2014 00:18:49.864,1.49765,1.49565,1.5600,1.6600
06.01.2014 00:18:51.181,1.49766,1.49566,2.9500,1.2600
06.01.2014 00:18:52.477,1.49767,1.49567,2.0900,1.6900
06.01.2014 00:18:53.896,1.49768,1.49568,2.0300,2.2300
06.01.2014 00:18:55.299,1.49768,1.49568,1.1000,2.8500
06.01.2014 00:18:56.795,1.49767,1.49567,2.5500,1.3700
06.01.2014 00:18:58.441,1.49769,1.49569,1.1200,1.4000
06.01.2014 00:18:59.948,1.49769,1.49569,2.6000,2.3300
06.01.2014 00:19:01.518,1.49768,1.49568,1.1000,1.5500
06.01.2014 00:19:02.985,1.49772,1.49572,2.3600,2.3500
06.01.2014 00:19:04.218,1.49772,1.49572,1.4000,1.7900
06.01.2014 00:19:05.538,1.49771,1.49571,1.0000,2.4800
06.01.2014 00:19:06.979,1.49771,1.49571,2.5100,1.3000
06.01.2014 00:19:08.247,1.49773,1.49573,1.5700,2.0000
06.01.2014 00:19:09.637,1.49773,1.49573,2.6500,1.7600
06.01.2014 00:19:10.955,1.49772,1.49572,1.2900,2.4600
06.01.2014 00:19:12.410,1.49775,1.49575,2.8500,1.3400
06.01.2014 00:19:13.927,1.49773,1.49573,1.8600,2.7800
06.01.2014 00:19:15.198,1.49771,1.49571,1.4900,1.6000
06.01.2014 00:19:16.519,1.49771,1.49571,1.9300,1.1100
06.01.2014 00:19:17.875,1.49775,1.49575,1.2100,1.8900
06.01.2014 00:19:19.107,1.49776,1.49576,1.7500,1.9700
06.01.2014 00:19:20.508,1.49778,1.49578,1.5500,1.1600
06.01.2014 00:19:21.774,1.49779,1.49579,2.3900,1.2700
06.01.2014 00:19:23.425,1.49780,1.49580,2.3000,2.2500
06.01.2014 00:19:24.795,1.49781,1.49581,2.2400,1.1000
06.01.2014 00:19:26.054,1.49781,1.49581,1.3300,2.7600
06.01.2014 00:19:27.452,1.49779,1.49579,1.4100,2.9700
06.01.2014 00:19:28.661,1.49779,1.49579,1.7700,1.6200
06.01.2014 00:19:30.193,1.49780,1.49580,1.2100,1.5700
06.01.2014 00:19:31.444,1.49778,1.49578,1.6000,2.8600
06.01.2014 00:19:32.756,1.49778,1.49578,2.1800,2.3600
06.01.2014 00:19:34.138,1.49777,1.49577,2.3800,1.2800
06.01.2014 00:19:35.552,1.49777,1.49577,2.1800,1.4600
06.01.2014 00:19:37.019,1.49777,1.49577,2.1900,2.3000
06.01.2014 00:19:38.120,1.49776,1.49576,2.0600,2.1300
06.01.2014 00:19:39.455,1.49776,1.49576,1.3700,2.8400
06.01.2014 00:19:40.804,1.49776,1.49576,2.7900,2.8200
06.01.2014 00:19:42.402,1.49773,1.49573,1.8100,1.1100
06.01.2014 00:19:43.767,1.49773,1.49573,2.0300,1.6100
06.01.2014 00:19:45.205,1.49775,1.49575,2.7100,2.7700
06.01.2014 00:19:46.573,1.49773,1.49573,2.2500,1.6100
06.01.2014 00:19:47.957,1.49772,1.49572,2.9500,2.2100
06.01.2014 00:19:49.506,1.49768,1.49568,1.5400,1.0500
06.01.2014 00:19:50.984,1.49767,1.49567,1.9900,1.4700
06.01.2014 00:19:52.414,1.49769,1.49569,2.2900,1.4400
06.01.2014 00:19:53.897,1.49770,1.49570,1.6300,1.4200
06.01.2014 00:19:55.283,1.49769,1.49569,1.9400,1.4000
06.01.2014 00:19:56.601,1.49768,1.49568,2.7800,1.6000
06.01.2014 00:19:58.049,1.49763,1.49563,2.5100,2.2800
06.01.2014 00:19:59.437,1.49763,1.49563,2.3900,2.6600
06.01.2014 00:20:00.806,1.49764,1.49564,1.9500,1.9300
06.01.2014 00:20:02.279,1.49765,1.49565,1.7100,1.1500
06.01.2014 00:20:03.780,1.49761,1.49561,2.2300,1.2100
06.01.2014 00:20:05.057,1.49762,1.49562,1.9900,2.4100
06.01.2014 00:20:06.334,1.49761,1.49561,2.3500,2.2500
06.01.2014 00:20:07.624,1.49761,1.49561,1.3300,1.1500
06.01.2014 00:20:08.854,1.49761,1.49561,2.8000,1.9000
06.01.2014 00:20:10.298,1.49760,1.49560,2.3800,1.5500
06.01.2014 00:20:11.696,1.49758,1.49558,2.1800,1.8700
06.01.2014 00:20:12.961,1.49759,1.49559,2.0700,1.3200
06.01.2014 00:20:14.337,1.49759,1.49559,2.6700,2.0000
06.01.2014 00:20:15.730,1.49756,1.49556,1.1000,2.3000
06.01.2014 00:20:17.199,1.49757,1.49557,1.5900,1.5700
06.01.2014 00:20:18.575,1.49758,1.49558,1.4100,1.4900
06.01.2014 00:20:19.875,1.49756,1.49556,2.7800,2.9800
06.01.2014 00:20:21.348,1.49757,1.49557,2.5700,1.4900
06.01.2014 00:20:22.711,1.49758,1.49558,1.6100,1.4000
06.01.2014 00:20:24.033,1.49758,1.49558,1.7900,1.6700
06.01.2014 00:20:25.418,1.49755,1.49555,1.4600,2.0400
06.01.2014 00:20:27.101,1.49752,1.49552,2.2000,1.7700
06.01.2014 00:20:28.460,1.49754,1.49554,2.3300,1.6400
06.01.2014 00:20:29.796,1.49753,1.49553,1.4900,2.2800
06.01.2014 00:20:31.091,1.49753,1.49553,1.8900,2.5900
06.01.2014 00:20:32.481,1.49749,1.49549,2.6600,1.0000
06.01.2014 00:20:33.874,1.49749,1.49549,1.6200,2.4000
06.01.2014 00:20:35.281,1.49746,1.49546,2.1100,1.9300
06.01.2014 00:20:36.769,1.49746,1.49546,1.5900,2.9700
06.01.2014 00:20:38.036,1.49746,1.49546,1.3400,2.5600
06.01.2014 00:20:39.470,1.49745,1.49545,2.0300,1.4200
06.01.2014 00:20:40.797,1.49745,1.49545,2.2000,1.4200
06.01.2014 00:20:42.174,1.49743,1.49543,2.3600,2.4400
06.01.2014 00:20:43.545,1.49742,1.49542,1.4800,1.9700
06.01.2014 00:20:45.130,1.49743,1.49543,1.6200,2.5600
06.01.2014 00:20:46.609,1.49744,1.49544,2.3500,2.0800
06.01.2014 00:20:48.218,1.49746,1.49546,1.3900,1.8900
06.01.2014 00:20:49.580,1.49746,1.49546,1.1100,1.7500
06.01.2014 00:20:50.920,1.49751,1.49551,1.2100,1.0600
06.01.2014 00:20:52.345,1.49751,1.49551,2.3800,1.3100
06.01.2014 00:20:53.730,1.49749,1.49549,2.5300,2.4000
06.01.2014 00:20:55.065,1.49749,1.49549,2.4700,1.6600
06.01.2014 00:20:56.371,1.49748,1.49548,2.9400,2.4300
06.01.2014 00:20:57.833,1.49749,1.49549,2.5200,2.8600
06.01.2014 00:20:59.308,1.49752,1.49552,1.7100,2.5600
06.01.2014 00:21:00.802,1.49753,1.49553,1.5700,2.9600
06.01.2014 00:21:02.269,1.49756,1.49556,2.6100,2.4600
06.01.2014 00:21:03.635,1.49757,1.49557,1.6900,2.8600
06.01.2014 00:21:05.064,1.49759,1.49559,2.9000,1.5900
06.01.2014 00:21:06.292,1.49760,1.49560,1.9100,2.4300
06.01.2014 00:21:07.878,1.49760,1.49560,2.3500,1.4900
06.01.2014 00:21:09.469,1.49758,1.49558,2.9700,2.1100
06.01.2014 00:21:10.910,1.49756,1.49556,2.9600,2.8700
06.01.2014 00:21:12.235,1.49755,1.49555,2.0000,1.0900
06.01.2014 00:21:13.614,1.49758,1.49558,1.9700,1.6000
06.01.2014 00:21:14.841,1.49756,1.49556,2.8000,1.2400
06.01.2014 00:21:16.162,1.49758,1.49558,1.9900,1.1500
06.01.2014 00:21:17.624,1.49760,1.49560,1.9500,1.7300
06.01.2014 00:21:19.034,1.49760,1.49560,1.4000,1.3500
06.01.2014 00:21:20.487,1.49762,1.49562,2.9100,2.0400
06.01.2014 00:21:21.873,1.49763,1.49563,1.4200,1.8400
06.01.2014 00:21:23.276,1.49763,1.49563,2.2500,2.6100
06.01.2014 00:21:24.598,1.49764,1.49564,1.2100,2.7200
06.01.2014 00:21:25.957,1.49767,1.49567,1.8400,1.8000
06.01.2014 00:21:27.235,1.49769,1.49569,2.8100,1.7200
06.01.2014 00:21:28.710,1.49766,1.49566,1.4000,2.1900
06.01.2014 00:21:30.082,1.49765,1.49565,2.1500,1.9700
06.01.2014 00:21:31.287,1.49766,1.49566,1.7500,2.2400
06.01.2014 00:21:32.606,1.49768,1.49568,2.3900,2.4700
06.01.2014 00:21:33.937,1.49768,1.49568,2.9500,2.8400
06.01.2014 00:21:35.378,1.49768,1.49568,1.5700,2.1100
06.01.2014 00:21:36.791,1.49767,1.49567,1.2700,1.7400
06.01.2014 00:21:38.212,1.49765,1.49565,2.3100,2.2800
06.01.2014 00:21:39.564,1.49766,1.49566,1.8200,2.7200
06.01.2014 00:21:40.767,1.49765,1.49565,1.3200,1.2700
06.01.2014 00:21:42.029,1.49769,1.49569,2.9200,1.3700
06.01.2014 00:21:43.390,1.49769,1.49569,2.3500,1.8800
06.01.2014 00:21:45.052,1.49769,1.49569,2.4000,1.9200
06.01.2014 00:21:46.447,1.49770,1.49570,2.9000,2.2500
06.01.2014 00:21:47.831,1.49772,1.49572,2.3900,1.0500
06.01.2014 00:21:49.328,1.49772,1.49572,1.2400,1.2500
06.01.2014 00:21:50.677,1.49768,1.49568,1.3600,2.3700
06.01.2014 00:21:52.033,1.49769,1.49569,1.5400,2.1200
06.01.2014 00:21:53.368,1.49770,1.49570,1.2300,1.6300
06.01.2014 00:21:54.894,1.49774,1.49574,2.5100,2.4000
06.01.2014 00:21:56.219,1.49773,1.49573,2.5300,1.5200
06.01.2014 00:21:57.550,1.49773,1.49573,2.3900,2.3000
06.01.2014 00:21:58.877,1.49776,1.49576,1.7300,1.9500
06.01.2014 00:22:00.377,1.49775,1.49575,2.2500,1.5000
06.01.2014 00:22:01.717,1.49776,1.49576,2.2000,2.9100
06.01.2014 00:22:03.236,1.49779,1.49579,1.8100,1.9400
06.01.2014 00:22:04.570,1.49779,1.49579,2.8200,1.0100
06.01.2014 00:22:06.119,1.49780,1.49580,2.9700,1.0800
06.01.2014 00:22:07.208,1.49779,1.49579,2.6100,1.7900
06.01.2014 00:22:08.515,1.49778,1.49578,2.4600,2.7500
06.01.2014 00:22:09.745,1.49778,1.49578,2.7700,2.4800
06.01.2014 00:22:11.160,1.49778,1.49578,1.4400,2.2800
06.01.2014 00:22:12.502,1.49779,1.49579,2.2200,2.3800
06.01.2014 00:22:13.900,1.49781,1.49581,2.4800,1.2800
06.01.2014 00:22:15.167,1.49781,1.49581,1.9500,2.0200
06.01.2014 00:22:16.514,1.49780,1.49580,2.0200,1.3300
06.01.2014 00:22:17.901,1.49785,1.49585,2.7100,2.8100
06.01.2014 00:22:19.401,1.49784,1.49584,2.1100,1.4200
06.01.2014 00:22:20.790,1.49782,1.49582,2.9600,2.0700
06.01.2014 00:22:22.177,1.49784,1.49584,2.5900,2.3600
06.01.2014 00:22:23.510,1.49786,1.49586,2.8700,1.7200
06.01.2014 00:22:24.987,1.49787,1.49587,2.0300,2.9100
06.01.2014 00:22:26.386,1.49784,1.49584,2.0200,1.6100
06.01.2014 00:22:27.784,1.49784,1.49584,1.3500,1.8100
06.01.2014 00:22:29.158,1.49782,1.49582,2.6000,2.7400
06.01.2014 00:22:30.462,1.49781,1.49581,1.0700,2.2500
06.01.2014 00:22:31.821,1.49783,1.49583,1.2700,1.7200
06.01.2014 00:22:33.218,1.49782,1.49582,2.3400,1.0900
06.01.2014 00:22:34.569,1.49779,1.49579,2.9300,2.4300
06.01.2014 00:22:35.980,1.49780,1.49580,2.4700,2.5200
06.01.2014 00:22:37.248,1.49781,1.49581,1.5200,2.1400
06.01.2014 00:22:38.787,1.49779,1.49579,1.7400,1.9800
06.01.2014 00:22:40.236,1.49780,1.49580,1.0400,2.5000
06.01.2014 00:22:41.507,1.49779,1.49579,2.8600,2.7500
06.01.2014 00:22:42.918,1.49779,1.49579,2.2700,1.8600
06.01.2014 00:22:44.212,1.49781,1.49581,2.2900,1.9600
06.01.2014 00:22:45.615,1.49779,1.49579,1.0400,2.3500
06.01.2014 00:22:47.050,1.49776,1.49576,1.2000,2.1100
06.01.2014 00:22:48.501,1.49777,1.49577,1.5600,2.8900
06.01.2014 00:22:49.834,1.49777,1.49577,1.3100,2.7700
06.01.2014 00:22:51.234,1.49775,1.49575,2.7500,2.4800
06.01.2014 00:22:52.646,1.49774,1.49574,2.4200,1.2300
06.01.2014 00:22:54.020,1.49774,1.49574,2.9100,2.7200
06.01.2014 00:22:55.552,1.49774,1.49574,3.0000,2.1100
06.01.2014 00:22:56.966,1.49773,1.49573,2.4800,2.7300
06.01.2014 00:22:58.311,1.49769,1.49569,2.3800,1.0900
06.01.2014 00:22:59.692,1.49770,1.49570,1.4800,2.7100
06.01.2014 00:23:00.957,1.49768,1.49568,2.2400,1.3700
06.01.2014 00:23:02.240,1.49765,1.49565,1.5300,2.9100
06.01.2014 00:23:03.787,1.49764,1.49564,1.9400,2.4100
06.01.2014 00:23:05.231,1.49760,1.49560,2.8300,1.6600
06.01.2014 00:23:06.558,1.49757,1.49557,2.1600,1.5300
06.01.2014 00:23:07.972,1.49753,1.49553,2.3800,2.1600
06.01.2014 00:23:09.403,1.49752,1.49552,2.4600,1.7300
06.01.2014 00:23:10.581,1.49752,1.49552,2.6500,2.8700
06.01.2014 00:23:12.035,1.49754,1.49554,2.4800,2.8800
06.01.2014 00:23:13.455,1.49754,1.49554,2.0800,2.9000
06.01.2014 00:23:14.926,1.49752,1.49552,1.2800,2.7000
06.01.2014 00:23:16.381,1.49751,1.49551,2.1300,1.9500
06.01.2014 00:23:17.703,1.49752,1.49552,1.0500,2.5600
06.01.2014 00:23:19.112,1.49756,1.49556,1.5000,2.1800
06.01.2014 00:23:20.519,1.49755,1.49555,1.3800,2.1900
06.01.2014 00:23:21.795,1.49756,1.49556,2.2400,1.1700
06.01.2014 00:23:23.278,1.49753,1.49553,2.7300,2.4600
06.01.2014 00:23:24.647,1.49753,1.49553,2.8600,2.3600
06.01.2014 00:23:25.884,1.49752,1.49552,1.5100,2.4000
06.01.2014 00:23:27.445,1.49750,1.49550,2.5800,2.8500
06.01.2014 00:23:28.840,1.49750,1.49550,2.3500,2.7900
06.01.2014 00:23:30.237,1.49751,1.49551,1.6300,2.9300
06.01.2014 00:23:31.509,1.49749,1.49549,1.3600,1.3500
06.01.2014 00:23:32.936,1.49750,1.49550,1.2600,2.1200
06.01.2014 00:23:34.445,1.49750,1.49550,1.8100,1.9500
06.01.2014 00:23:35.881,1.49751,1.49551,2.8900,2.8100
06.01.2014 00:23:37.388,1.49754,1.49554,1.9000,2.3600
06.01.2014 00:23:38.892,1.49757,1.49557,2.6100,1.0300
06.01.2014 00:23:40.085,1.49757,1.49557,1.7500,2.3000
06.01.2014 00:23:41.627,1.49757,1.49557,2.9300,2.8700
06.01.2014 00:23:43.020,1.49757,1.49557,1.3800,1.9900
06.01.2014 00:23:44.394,1.49756,1.49556,1.8000,1.0600
06.01.2014 00:23:45.809,1.49757,1.49557,2.7000,1.8300
06.01.2014 00:23:47.180,1.49755,1.49555,1.0400,2.0000
06.01.2014 00:23:48.778,1.49757,1.49557,1.0200,1.8500
06.01.2014 00:23:50.287,1.49758,1.49558,2.3900,1.8800
06.01.2014 00:23:51.535,1.49758,1.49558,1.2500,1.1700
06.01.2014 00:23:52.758,1.49757,1.49557,1.8300,2.7100
06.01.2014 00:23:54.044,1.49755,1.49555,2.9300,2.3200
06.01.2014 00:23:55.364,1.49754,1.49554,1.8200,2.6000
06.01.2014 00:23:56.709,1.49754,1.49554,2.1900,2.4500
06.01.2014 00:23:58.136,1.49753,1.49553,1.4500,2.8900
06.01.2014 00:23:59.469,1.49753,1.49553,1.8300,2.2500
06.01.2014 00:24:00.815,1.49752,1.49552,1.0800,1.1300
06.01.2014 00:24:02.269,1.49751,1.49551,2.3600,2.8900
06.01.2014 00:24:03.781,1.49752,1.49552,1.3800,1.3700
06.01.2014 00:24:05.155,1.49752,1.49552,2.0900,1.8500
06.01.2014 00:24:06.420,1.49751,1.49551,1.8300,1.9300
06.01.2014 00:24:07.814,1.49752,1.49552,1.7000,1.4900
06.01.2014 00:24:09.198,1.49754,1.49554,2.7400,1.0800
06.01.2014 00:24:10.673,1.49756,1.49556,1.9200,2.9400
06.01.2014 00:24:12.081,1.49753,1.49553,1.0200,1.3100
06.01.2014 00:24:13.509,1.49754,1.49554,2.6100,1.8600
06.01.2014 00:24:14.842,1.49752,1.49552,2.0300,1.9300
06.01.2014 00:24:16.524,1.49753,1.49553,2.9300,1.4800
06.01.2014 00:24:17.821,1.49754,1.49554,2.4700,1.7500
06.01.2014 00:24:19.236,1.49754,1.49554,2.2100,1.4400
06.01.2014 00:24:20.563,1.49755,1.49555,2.1600,2.0200
06.01.2014 00:24:21.853,1.49756,1.49556,2.8700,1.8800
06.01.2014 00:24:23.219,1.49755,1.49555,1.3800,1.3400
06.01.2014 00:24:24.677,1.49753,1.49553,1.1900,1.1500
06.01.2014 00:24:26.074,1.49753,1.49553,2.8100,1.5200
06.01.2014 00:24:27.279,1.49750,1.49550,2.2000,2.8200
06.01.2014 00:24:28.834,1.49751,1.49551,1.7100,1.0500
06.01.2014 00:24:30.320,1.49749,1.49549,1.6100,1.1700
06.01.2014 00:24:31.894,1.49749,1.49549,1.1600,2.6400
06.01.2014 00:24:33.173,1.49747,1.49547,1.7100,2.2300
06.01.2014 00:24:34.534,1.49749,1.49549,2.2800,2.2900
06.01.2014 00:24:35.984,1.49746,1.49546,2.5700,2.0700
06.01.2014 00:24:37.217,1.49746,1.49546,2.8300,1.2900
06.01.2014 00:24:38.691,1.49748,1.49548,2.1400,2.5200
06.01.2014 00:24:40.171,1.49747,1.49547,2.2200,1.0400
06.01.2014 00:24:41.527,1.49745,1.49545,2.8600,2.0600
06.01.2014 00:24:42.977,1.49746,1.49546,2.8500,2.9700
06.01.2014 00:24:44.333,1.49748,1.49548,2.8100,1.2000
06.01.2014 00:24:45.546,1.49748,1.49548,1.4200,2.4800
06.01.2014 00:24:46.979,1.49747,1.49547,1.2200,1.4600
06.01.2014 00:24:48.469,1.49746,1.49546,2.0300,2.6300
06.01.2014 00:24:49.834,1.49750,1.49550,2.0900,2.9100
06.01.2014 00:24:51.211,1.49751,1.49551,2.3700,1.0900
06.01.2014 00:24:52.526,1.49750,1.49550,1.7600,2.3600
06.01.2014 00:24:53.978,1.49751,1.49551,1.4200,2.9500
06.01.2014 00:24:55.421,1.49748,1.49548,1.1400,1.6900
06.01.2014 00:24:56.800,1.49750,1.49550,2.6700,2.2700
06.01.2014 00:24:58.085,1.49751,1.49551,2.8600,2.6200
06.01.2014 00:24:59.574,1.49751,1.49551,2.9800,2.4100
06.01.2014 00:25:00.927,1.49747,1.49547,2.8000,2.1300
06.01.2014 00:25:02.219,1.49747,1.49547,2.2300,2.1900
06.01.2014 00:25:03.532,1.49747,1.49547,1.2200,1.2000
06.01.2014 00:25:04.864,1.49747,1.49547,2.6700,2.3800
06.01.2014 00:25:06.181,1.49747,1.49547,1.0600,2.9000
06.01.2014 00:25:07.586,1.49749,1.49549,1.4500,2.4600
06.01.2014 00:25:08.960,1.49748,1.49548,1.1700,2.6000
06.01.2014 00:25:10.386,1.49746,1.49546,2.1600,1.6600
06.01.2014 00:25:11.835,1.49747,1.49547,1.5500,1.1000
06.01.2014 00:25:13.315,1.49746,1.49546,1.1600,2.3900
06.01.2014 00:25:14.652,1.49746,1.49546,1.0000,2.9800
06.01.2014 00:25:16.102,1.49745,1.49545,1.5300,1.6700
06.01.2014 00:25:17.455,1.49747,1.49547,2.8700,2.2100
06.01.2014 00:25:19.079,1.49748,1.49548,3.0000,2.6300
06.01.2014 00:25:20.442,1.49747,1.49547,2.5300,1.5100
06.01.2014 00:25:21.857,1.49746,1.49546,1.1200,1.9500
06.01.2014 00:25:23.185,1.49744,1.49544,2.2100,2.7600
06.01.2014 00:25:24.579,1.49742,1.49542,1.3400,1.4000
06.01.2014 00:25:26.117,1.49743,1.49543,1.5500,1.3800
06.01.2014 00:25:27.684,1.49743,1.49543,2.1800,1.6400
06.01.2014 00:25:29.067,1.49747,1.49547,1.6000,1.3000
06.01.2014 00:25:30.474,1.49746,1.49546,1.8100,1.8600
06.01.2014 00:25:31.720,1.49747,1.49547,2.0700,1.3100
06.01.2014 00:25:33.198,1.49748,1.49548,2.3000,1.3200
06.01.2014 00:25:34.620,1.49750,1.49550,2.5100,1.7100
06.01.2014 00:25:36.051,1.49750,1.49550,1.2900,2.5600
06.01.2014 00:25:37.369,1.49751,1.49551,1.4000,1.8100
06.01.2014 00:25:38.924,1.49752,1.49552,2.3800,1.3100
06.01.2014 00:25:40.233,1.49751,1.49551,2.2600,1.3400
06.01.2014 00:25:41.521,1.49750,1.49550,1.4700,2.3100
06.01.2014 00:25:42.791,1.49748,1.49548,2.2600,2.6100
06.01.2014 00:25:44.276,1.49748,1.49548,1.2800,2.5400
06.01.2014 00:25:45.754,1.49750,1.49550,2.7500,2.9100
06.01.2014 00:25:47.019,1.49751,1.49551,1.4200,2.5800
06.01.2014 00:25:48.553,1.49750,1.49550,2.7600,1.8000
06.01.2014 00:25:50.042,1.49747,1.49547,1.1100,2.8600
06.01.2014 00:25:51.679,1.49748,1.49548,2.7600,2.3700
06.01.2014 00:25:53.121,1.49747,1.49547,2.3700,2.3900
06.01.2014 00:25:54.762,1.49749,1.49549,1.2500,2.8100
06.01.2014 00:25:56.198,1.49750,1.49550,2.7000,1.4000
06.01.2014 00:25:57.480,1.49751,1.49551,1.8100,2.7900
06.01.2014 00:25:58.852,1.49751,1.49551,2.6900,2.7100
06.01.2014 00:26:00.119,1.49752,1.49552,2.3200,2.6900
06.01.2014 00:26:01.382,1.49752,1.49552,2.2800,1.7900
06.01.2014 00:26:02.766,1.49752,1.49552,1.0900,2.6500
06.01.2014 00:26:04.150,1.49751,1.49551,1.8300,1.2100
06.01.2014 00:26:05.455,1.49751,1.49551,2.5200,1.8600
06.01.2014 00:26:06.831,1.49751,1.49551,1.5000,2.0700
06.01.2014 00:26:08.338,1.49753,1.49553,1.2700,2.2700
06.01.2014 00:26:09.628,1.49752,1.49552,1.6800,2.3000
06.01.2014 00:26:10.807,1.49752,1.49552,1.8300,2.4700
06.01.2014 00:26:12.141,1.49752,1.49552,2.6400,2.8700
06.01.2014 00:26:13.546,1.49753,1.49553,1.7700,2.9100
06.01.2014 00:26:14.957,1.49754,1.49554,2.6800,1.3000
06.01.2014 00:26:16.484,1.49754,1.49554,1.0700,2.9500
06.01.2014 00:26:17.814,1.49753,1.49553,2.1500,2.7800
06.01.2014 00:26:19.072,1.49754,1.49554,2.9100,2.4700
06.01.2014 00:26:20.337,1.49752,1.49552,1.8900,2.1200
06.01.2014 00:26:21.843,1.49753,1.49553,2.6200,1.9100
06.01.2014 00:26:23.213,1.49751,1.49551,2.4700,1.2200
06.01.2014 00:26:24.659,1.49753,1.49553,1.5300,2.3100
06.01.2014 00:26:25.977,1.49758,1.49558,1.8200,1.4900
06.01.2014 00:26:27.387,1.49760,1.49560,1.1500,2.2400
06.01.2014 00:26:28.757,1.49761,1.49561,2.9800,1.4400
06.01.2014 00:26:29.952,1.49759,1.49559,1.4200,2.1100
06.01.2014 00:26:31.263,1.49759,1.49559,1.2700,2.4700
06.01.2014 00:26:32.718,1.49761,1.49561,2.4300,1.4600
06.01.2014 00:26:34.246,1.49761,1.49561,2.0600,1.1800
06.01.2014 00:26:35.655,1.49761,1.49561,2.8400,2.3200
06.01.2014 00:26:37.098,1.49761,1.49561,2.7000,1.4200
06.01.2014 00:26:38.413,1.49761,1.49561,2.8400,1.9300
06.01.2014 00:26:39.709,1.49764,1.49564,1.7000,2.6200
06.01.2014 00:26:41.133,1.49763,1.49563,1.5900,1.6800
06.01.2014 00:26:42.412,1.49763,1.49563,2.0900,2.4900
06.01.2014 00:26:43.988,1.49765,1.49565,1.0900,1.2900
06.01.2014 00:26:45.521,1.49762,1.49562,2.4900,1.6000
06.01.2014 00:26:46.836,1.49762,1.49562,2.8200,1.9800
06.01.2014 00:26:48.244,1.49762,1.49562,1.2600,1.4900
06.01.2014 00:26:49.653,1.49762,1.49562,1.6600,1.1000
06.01.2014 00:26:51.065,1.49762,1.49562,2.8500,2.2600
06.01.2014 00:26:52.504,1.49761,1.49561,1.1900,2.5200
06.01.2014 00:26:53.915,1.49761,1.49561,1.4100,2.8700
06.01.2014 00:26:55.614,1.49759,1.49559,1.7900,2.6900
06.01.2014 00:26:56.805,1.49759,1.49559,2.9800,1.1000
06.01.2014 00:26:58.273,1.49758,1.49558,2.1200,1.0800
06.01.2014 00:26:59.678,1.49756,1.49556,2.2100,1.6900
06.01.2014 00:27:01.122,1.49755,1.49555,1.3900,1.8900
06.01.2014 00:27:02.744,1.49755,1.49555,1.2800,1.5200
06.01.2014 00:27:04.261,1.49751,1.49551,1.5800,1.4700
06.01.2014 00:27:05.706,1.49752,1.49552,1.0300,2.8400
06.01.2014 00:27:07.182,1.49753,1.49553,2.5000,1.2100
06.01.2014 00:27:08.583,1.49750,1.49550,2.6600,2.1700
06.01.2014 00:27:09.828,1.49751,1.49551,1.8500,2.2500
06.01.2014 00:27:11.184,1.49750,1.49550,1.5600,2.0800
06.01.2014 00:27:12.546,1.49747,1.49547,1.7200,1.3600
06.01.2014 00:27:13.853,1.49747,1.49547,2.7400,2.3800
06.01.2014 00:27:15.153,1.49747,1.49547,1.5200,1.1600
06.01.2014 00:27:16.737,1.49743,1.49543,2.7300,2.0100
06.01.2014 00:27:18.255,1.49744,1.49544,2.4400,2.2500
06.01.2014 00:27:19.760,1.49742,1.49542,1.5000,1.2800
06.01.2014 00:27:21.288,1.49742,1.49542,1.4600,1.4400
06.01.2014 00:27:22.887,1.49744,1.49544,1.7000,1.1100
06.01.2014 00:27:24.206,1.49745,1.49545,2.5600,2.0300
06.01.2014 00:27:25.729,1.49741,1.49541,2.9300,2.2500
06.01.2014 00:27:27.122,1.49742,1.49542,2.9100,1.6600
06.01.2014 00:27:28.602,1.49739,1.49539,2.5600,2.4100
06.01.2014 00:27:29.975,1.49740,1.49540,1.1600,2.7900
06.01.2014 00:27:31.373,1.49740,1.49540,2.6300,2.2700
06.01.2014 00:27:32.930,1.49743,1.49543,1.6500,1.7700
06.01.2014 00:27:34.312,1.49740,1.49540,1.9200,1.4900
06.01.2014 00:27:35.659,1.49742,1.49542,2.3100,2.4700
06.01.2014 00:27:37.004,1.49743,1.49543,1.9600,2.1500
06.01.2014 00:27:38.330,1.49741,1.49541,1.8900,2.5900
06.01.2014 00:27:39.721,1.49744,1.49544,1.0800,1.3700
06.01.2014 00:27:41.054,1.49744,1.49544,1.7700,1.4900
06.01.2014 00:27:42.447,1.49745,1.49545,2.2400,2.4600
06.01.2014 00:27:43.895,1.49744,1.49544,1.8500,2.7900
06.01.2014 00:27:45.379,1.49743,1.49543,1.5800,1.3000
06.01.2014 00:27:46.679,1.49742,1.49542,2.8800,2.7100
06.01.2014 00:27:48.078,1.49742,1.49542,1.9600,2.7200
06.01.2014 00:27:49.302,1.49742,1.49542,1.3600,1.9800
06.01.2014 00:27:50.641,1.49743,1.49543,2.2100,1.3900
06.01.2014 00:27:52.027,1.49743,1.49543,1.2600,2.7200
06.01.2014 00:27:53.386,1.49742,1.49542,2.4900,2.2700
06.01.2014 00:27:54.773,1.49741,1.49541,2.7900,1.1400
06.01.2014 00:27:56.199,1.49744,1.49544,2.6300,2.5700
06.01.2014 00:27:57.469,1.49743,1.49543,1.6800,1.2600
06.01.2014 00:27:58.789,1.49744,1.49544,1.0900,1.5800
06.01.2014 00:28:00.290,1.49742,1.49542,2.5200,1.2900
06.01.2014 00:28:01.762,1.49743,1.49543,2.3300,2.0900
06.01.2014 00:28:03.145,1.49746,1.49546,1.0200,2.8400
06.01.2014 00:28:04.709,1.49748,1.49548,2.1000,1.6800
06.01.2014 00:28:06.061,1.49747,1.49547,2.8100,2.6000
06.01.2014 00:28:07.412,1.49747,1.49547,2.7400,2.6800
06.01.2014 00:28:08.838,1.49745,1.49545,2.2600,1.8900
06.01.2014 00:28:10.099,1.49745,1.49545,1.5500,2.0000
06.01.2014 00:28:11.507,1.49746,1.49546,2.6500,2.6500
06.01.2014 00:28:12.889,1.49745,1.49545,1.3000,1.3900
06.01.2014 00:28:14.337,1.49747,1.49547,2.4200,1.2900
06.01.2014 00:28:15.569,1.49745,1.49545,2.8600,2.2200
06.01.2014 00:28:17.007,1.49743,1.49543,2.4400,2.7900
06.01.2014 00:28:18.435,1.49744,1.49544,1.5600,1.7600
06.01.2014 00:28:19.899,1.49742,1.49542,1.8800,1.5400
06.01.2014 00:28:21.398,1.49739,1.49539,1.9600,1.1900
06.01.2014 00:28:22.728,1.49740,1.49540,1.9500,1.0900
06.01.2014 00:28:24.175,1.49738,1.49538,2.2100,2.3700
06.01.2014 00:28:25.603,1.49742,1.49542,2.7200,1.6900
06.01.2014 00:28:27.030,1.49742,1.49542,1.9000,1.6600
06.01.2014 00:28:28.451,1.49741,1.49541,1.8100,1.2800
06.01.2014 00:28:29.952,1.49742,1.49542,1.5400,2.8100
06.01.2014 00:28:31.028,1.49742,1.49542,2.8100,2.9900
06.01.2014 00:28:32.449,1.49739,1.49539,2.0500,2.4200
06.01.2014 00:28:33.948,1.49739,1.49539,1.4600,2.3300
06.01.2014 00:28:35.459,1.49738,1.49538,1.1500,1.8000
06.01.2014 00:28:37.017,1.49739,1.49539,1.7300,1.9100
06.01.2014 00:28:38.261,1.49736,1.49536,1.5000,2.3300
06.01.2014 00:28:39.587,1.49735,1.49535,2.7000,1.1200
06.01.2014 00:28:40.913,1.49736,1.49536,1.3600,2.8200
06.01.2014 00:28:42.261,1.49737,1.49537,1.9700,2.4800
06.01.2014 00:28:43.647,1.49736,1.49536,1.2200,2.3900
06.01.2014 00:28:44.940,1.49735,1.49535,2.4100,2.7700
06.01.2014 00:28:46.255,1.49734,1.49534,1.5600,2.2900
06.01.2014 00:28:47.745,1.49731,1.49531,2.6400,1.1400
06.01.2014 00:28:49.269,1.49735,1.49535,1.0200,2.6600
06.01.2014 00:28:50.589,1.49734,1.49534,1.1300,1.2200
06.01.2014 00:28:51.934,1.49732,1.49532,1.0000,1.1100
06.01.2014 00:28:53.386,1.49732,1.49532,2.5400,1.4100
06.01.2014 00:28:54.664,1.49734,1.49534,2.6300,2.5200
06.01.2014 00:28:55.917,1.49734,1.49534,1.5100,2.0200
06.01.2014 00:28:57.340,1.49731,1.49531,1.6800,1.0400
06.01.2014 00:28:58.842,1.49729,1.49529,2.9500,2.9200
06.01.2014 00:29:00.273,1.49728,1.49528,2.1400,1.7300
06.01.2014 00:29:01.586,1.49728,1.49528,2.3800,1.6100
06.01.2014 00:29:02.935,1.49727,1.49527,2.7700,2.7900
06.01.2014 00:29:04.379,1.49728,1.49528,2.7300,1.8500
06.01.2014 00:29:05.757,1.49726,1.49526,1.7800,2.9900
06.01.2014 00:29:07.146,1.49729,1.49529,1.1800,1.7200
06.01.2014 00:29:08.431,1.49732,1.49532,2.4400,2.5200
06.01.2014 00:29:09.644,1.49733,1.49533,2.1900,2.6600
06.01.2014 00:29:10.952,1.49733,1.49533,2.5400,2.6700
06.01.2014 00:29:12.409,1.49732,1.49532,2.8200,1.3900
06.01.2014 00:29:14.023,1.49729,1.49529,2.9500,2.4900
06.01.2014 00:29:15.400,1.49728,1.49528,2.4700,1.9400
06.01.2014 00:29:16.808,1.49726,1.49526,1.7600,1.6500
06.01.2014 00:29:18.346,1.49725,1.49525,1.0200,2.1800
06.01.2014 00:29:19.576,1.49724,1.49524,1.7300,2.4800
06.01.2014 00:29:20.981,1.49722,1.49522,2.7600,2.3100
06.01.2014 00:29:22.456,1.49724,1.49524,2.0500,1.1400
06.01.2014 00:29:23.695,1.49725,1.49525,2.5300,1.4000
06.01.2014 00:29:24.964,1.49725,1.49525,1.7000,1.8200
06.01.2014 00:29:26.408,1.49726,1.49526,1.5800,1.1500
06.01.2014 00:29:27.836,1.49725,1.49525,2.0800,1.3200
06.01.2014 00:29:29.102,1.49725,1.49525,2.3400,1.3500
06.01.2014 00:29:30.380,1.49726,1.49526,2.8900,1.0800
06.01.2014 00:29:31.784,1.49725,1.49525,1.1900,2.4500
06.01.2014 00:29:33.113,1.49721,1.49521,2.2600,2.4200
06.01.2014 00:29:34.640,1.49723,1.49523,1.1500,1.5500
06.01.2014 00:29:35.999,1.49724,1.49524,1.5100,2.0400
06.01.2014 00:29:37.348,1.49723,1.49523,1.4000,1.5500
06.01.2014 00:29:38.662,1.49721,1.49521,1.9200,2.1100
06.01.2014 00:29:40.139,1.49720,1.49520,1.7800,2.2500
06.01.2014 00:29:41.411,1.49720,1.49520,2.2000,1.9800
06.01.2014 00:29:42.921,1.49721,1.49521,2.4400,2.2400
06.01.2014 00:29:44.257,1.49719,1.49519,1.9100,2.4800
06.01.2014 00:29:45.761,1.49717,1.49517,1.7800,2.6200
06.01.2014 00:29:47.001,1.49719,1.49519,1.0800,2.4100
06.01.2014 00:29:48.412,1.49721,1.49521,1.3900,1.1900
06.01.2014 00:29:49.700,1.49723,1.49523,1.1600,2.2900
06.01.2014 00:29:51.249,1.49719,1.49519,2.8100,1.7900
06.01.2014 00:29:52.673,1.49715,1.49515,2.5000,2.1900
06.01.2014 00:29:53.983,1.49717,1.49517,3.0000,1.9500
06.01.2014 00:29:55.265,1.49720,1.49520,2.3600,2.4900
06.01.2014 00:29:56.590,1.49719,1.49519,1.8200,2.0700
06.01.2014 00:29:57.751,1.49716,1.49516,1.4700,1.8600
06.01.2014 00:29:59.279,1.49715,1.49515,2.0600,1.1600
06.01.2014 00:30:00.621,1.49712,1.49512,1.8600,1.8900
06.01.2014 00:30:01.760,1.49711,1.49511,1.1900,1.3800
06.01.2014 00:30:02.971,1.49711,1.49511,2.0500,1.0400
06.01.2014 00:30:04.320,1.49710,1.49510,2.1000,2.8300
06.01.2014 00:30:05.730,1.49711,1.49511,1.5900,1.2400
06.01.2014 00:30:07.112,1.49710,1.49510,2.9700,1.6600
06.01.2014 00:30:08.353,1.49710,1.49510,2.0000,2.2500
06.01.2014 00:30:09.833,1.49711,1.49511,2.4000,2.9800
06.01.2014 00:30:11.318,1.49712,1.49512,1.6400,2.0400
06.01.2014 00:30:12.758,1.49712,1.49512,2.9100,2.1200
06.01.2014 00:30:14.032,1.49714,1.49514,2.5600,2.1000
06.01.2014 00:30:15.387,1.49714,1.49514,2.7100,1.6800
06.01.2014 00:30:16.809,1.49714,1.49514,1.5100,2.2600
06.01.2014 00:30:18.029,1.49711,1.49511,2.6200,1.0500
06.01.2014 00:30:19.188,1.49712,1.49512,2.2300,1.7200
06.01.2014 00:30:20.494,1.49712,1.49512,2.4200,2.6700
06.01.2014 00:30:21.906,1.49709,1.49509,1.9500,2.4100
06.01.2014 00:30:23.436,1.49707,1.49507,2.3900,1.4900
06.01.2014 00:30:24.965,1.49704,1.49504,1.2300,2.5900
06.01.2014 00:30:26.397,1.49704,1.49504,1.2600,1.0600
06.01.2014 00:30:27.748,1.49703,1.49503,1.4400,2.9100
06.01.2014 00:30:29.145,1.49705,1.49505,1.5300,1.6400
06.01.2014 00:30:30.383,1.49704,1.49504,2.1700,2.6600
06.01.2014 00:30:31.752,1.49703,1.49503,2.7900,1.5900
06.01.2014 00:30:33.133,1.49703,1.49503,1.7600,2.8400
06.01.2014 00:30:34.422,1.49705,1.49505,1.2000,2.8700
06.01.2014 00:30:35.699,1.49704,1.49504,1.1800,2.3400
06.01.2014 00:30:36.966,1.49702,1.49502,1.3000,2.9500
06.01.2014 00:30:38.272,1.49703,1.49503,1.8500,1.4400
06.01.2014 00:30:39.830,1.49702,1.49502,2.3200,2.1200
06.01.2014 00:30:41.301,1.49702,1.49502,2.6900,1.6500
06.01.2014 00:30:42.836,1.49706,1.49506,2.7600,1.8300
06.01.2014 00:30:44.111,1.49706,1.49506,2.5800,2.1100
06.01.2014 00:30:45.445,1.49707,1.49507,1.1700,2.8200
06.01.2014 00:30:46.888,1.49706,1.49506,1.8500,2.2500
06.01.2014 00:30:48.270,1.49707,1.49507,1.7500,1.6200
06.01.2014 00:30:49.740,1.49706,1.49506,1.1700,2.6700
06.01.2014 00:30:51.226,1.49708,1.49508,1.3800,1.6300
06.01.2014 00:30:52.574,1.49711,1.49511,2.4400,1.6400
06.01.2014 00:30:54.024,1.49713,1.49513,2.2800,1.6300
06.01.2014 00:30:55.544,1.49712,1.49512,2.0300,1.4600
06.01.2014 00:30:57.022,1.49711,1.49511,1.1000,1.4700
06.01.2014 00:30:58.424,1.49711,1.49511,1.8300,2.8800
06.01.2014 00:30:59.881,1.49709,1.49509,2.8100,1.4200
06.01.2014 00:31:01.148,1.49711,1.49511,1.7000,1.3000
06.01.2014 00:31:02.508,1.49713,1.49513,2.2600,1.8000
06.01.2014 00:31:03.959,1.49715,1.49515,1.2800,2.2400
06.01.2014 00:31:05.402,1.49715,1.49515,1.5500,1.7300
06.01.2014 00:31:06.763,1.49716,1.49516,2.3900,1.2200
06.01.2014 00:31:08.165,1.49719,1.49519,1.9000,1.3200
06.01.2014 00:31:09.594,1.49718,1.49518,1.7000,2.3300
06.01.2014 00:31:11.042,1.49721,1.49521,2.2800,2.5600
06.01.2014 00:31:12.462,1.49720,1.49520,2.4300,1.9700
06.01.2014 00:31:13.973,1.49721,1.49521,1.5100,1.7800
06.01.2014 00:31:15.428,1.49720,1.49520,1.1300,1.4900
06.01.2014 00:31:16.893,1.49719,1.49519,2.7800,1.7000
06.01.2014 00:31:18.198,1.49721,1.49521,1.2400,2.9600
06.01.2014 00:31:19.543,1.49719,1.49519,2.1100,1.3500
06.01.2014 00:31:20.936,1.49719,1.49519,2.2400,1.0600
06.01.2014 00:31:22.476,1.49717,1.49517,1.9100,1.3700
06.01.2014 00:31:23.770,1.49719,1.49519,2.9800,1.5600
06.01.2014 00:31:25.275,1.49720,1.49520,2.0500,2.5300
06.01.2014 00:31:26.563,1.49721,1.49521,1.4100,2.3900
06.01.2014 00:31:28.033,1.49721,1.49521,1.1700,2.8500
06.01.2014 00:31:29.304,1.49720,1.49520,1.4900,2.4700
06.01.2014 00:31:30.706,1.49720,1.49520,1.5900,1.5800
06.01.2014 00:31:32.111,1.49720,1.49520,2.8900,2.1900
06.01.2014 00:31:33.445,1.49720,1.49520,2.8300,2.7600
06.01.2014 00:31:35.276,1.49720,1.49520,2.9700,2.7300
06.01.2014 00:31:36.737,1.49721,1.49521,1.8800,2.3600
06.01.2014 00:31:38.197,1.49723,1.49523,2.6800,1.9400
06.01.2014 00:31:39.631,1.49726,1.49526,2.6000,1.3300
06.01.2014 00:31:41.128,1.49726,1.49526,2.7100,1.6000
06.01.2014 00:31:42.364,1.49725,1.49525,2.7700,1.8900
06.01.2014 00:31:43.752,1.49726,1.49526,2.8900,2.3800
06.01.2014 00:31:45.232,1.49724,1.49524,2.2300,1.8100
06.01.2014 00:31:46.549,1.49723,1.49523,1.2100,2.6900
06.01.2014 00:31:47.964,1.49721,1.49521,2.3300,1.3800
06.01.2014 00:31:49.517,1.49719,1.49519,1.1900,1.1600
06.01.2014 00:31:50.748,1.49720,1.49520,2.5100,2.7900
06.01.2014 00:31:52.086,1.49720,1.49520,1.1000,1.6500
06.01.2014 00:31:53.473,1.49722,1.49522,1.2400,2.8700
06.01.2014 00:31:54.993,1.49723,1.49523,2.3200,2.2700
06.01.2014 00:31:56.572,1.49725,1.49525,1.9600,2.8200
06.01.2014 00:31:57.812,1.49726,1.49526,1.9200,1.5100
06.01.2014 00:31:59.162,1.49727,1.49527,1.4600,2.6900
06.01.2014 00:32:00.555,1.49725,1.49525,2.2800,1.3200
06.01.2014 00:32:01.912,1.49723,1.49523,1.1700,1.4200
06.01.2014 00:32:03.261,1.49726,1.49526,2.7700,2.1400
06.01.2014 00:32:04.658,1.49726,1.49526,1.2900,1.0600
06.01.2014 00:32:06.079,1.49723,1.49523,2.6600,1.5300
06.01.2014 00:32:07.442,1.49722,1.49522,1.6800,1.2000
06.01.2014 00:32:08.660,1.49719,1.49519,1.3900,1.8200
06.01.2014 00:32:10.050,1.49719,1.49519,2.5300,2.5700
06.01.2014 00:32:11.620,1.49720,1.49520,1.6800,2.6300
06.01.2014 00:32:13.083,1.49717,1.49517,1.8200,1.5500
06.01.2014 00:32:14.612,1.49721,1.49521,2.4200,2.6000
06.01.2014 00:32:15.980,1.49719,1.49519,2.2100,2.7900
06.01.2014 00:32:17.364,1.49722,1.49522,2.9100,2.2000
06.01.2014 00:32:18.867,1.49721,1.49521,1.2400,2.9800
06.01.2014 00:32:20.268,1.49720,1.49520,2.8500,2.6300
06.01.2014 00:32:21.623,1.49721,1.49521,2.7000,2.8200
06.01.2014 00:32:22.952,1.49725,1.49525,2.6200,2.9200
06.01.2014 00:32:24.415,1.49726,1.49526,1.9700,2.3900
06.01.2014 00:32:25.902,1.49728,1.49528,2.2200,2.7900
06.01.2014 00:32:27.277,1.49731,1.49531,1.6500,1.7500
06.01.2014 00:32:28.645,1.49729,1.49529,2.0900,1.1000
06.01.2014 00:32:30.123,1.49732,1.49532,1.0600,1.5900
06.01.2014 00:32:31.423,1.49731,1.49531,1.5400,2.0200
06.01.2014 00:32:32.698,1.49731,1.49531,2.0900,2.0400
06.01.2014 00:32:33.892,1.49732,1.49532,1.1200,2.6400
06.01.2014 00:32:35.365,1.49733,1.49533,2.0500,2.7800
06.01.2014 00:32:36.548,1.49734,1.49534,1.2400,2.0300
06.01.2014 00:32:38.010,1.49735,1.49535,1.9200,1.8100
06.01.2014 00:32:39.365,1.49737,1.49537,1.9300,2.1300
06.01.2014 00:32:40.628,1.49737,1.49537,1.4300,2.8600
06.01.2014 00:32:42.146,1.49740,1.49540,1.6100,1.2200
06.01.2014 00:32:43.389,1.49742,1.49542,1.2400,2.9300
06.01.2014 00:32:44.875,1.49744,1.49544,2.6200,2.5000
06.01.2014 00:32:46.266,1.49744,1.49544,1.3800,1.0600
06.01.2014 00:32:47.510,1.49742,1.49542,2.6400,2.7800
06.01.2014 00:32:48.942,1.49741,1.49541,1.6200,1.1900
06.01.2014 00:32:50.459,1.49742,1.49542,2.5000,2.2900
06.01.2014 00:32:51.728,1.49743,1.49543,2.2800,2.4800
06.01.2014 00:32:53.177,1.49741,1.49541,1.4500,2.6300
06.01.2014 00:32:54.600,1.49740,1.49540,1.3500,1.5200
06.01.2014 00:32:56.020,1.49741,1.49541,2.4900,1.1800
06.01.2014 00:32:57.430,1.49743,1.49543,1.5900,2.9000
06.01.2014 00:32:58.692,1.49743,1.49543,2.0800,1.4600
06.01.2014 00:32:59.884,1.49740,1.49540,2.1500,2.5600
06.01.2014 00:33:01.246,1.49740,1.49540,1.1300,1.5800
06.01.2014 00:33:02.684,1.49739,1.49539,1.4400,2.6200
06.01.2014 00:33:04.126,1.49738,1.49538,1.3000,2.6800
06.01.2014 00:33:05.567,1.49736,1.49536,1.7000,2.8500
06.01.2014 00:33:06.984,1.49736,1.49536,2.9900,1.6600
06.01.2014 00:33:08.241,1.49735,1.49535,1.3700,2.6000
06.01.2014 00:33:09.742,1.49735,1.49535,1.4400,1.5500
06.01.2014 00:33:11.189,1.49737,1.49537,2.6200,2.8200
06.01.2014 00:33:12.412,1.49737,1.49537,2.8100,2.8100
06.01.2014 00:33:13.861,1.49735,1.49535,2.0800,2.6800
06.01.2014 00:33:15.064,1.49734,1.49534,1.3500,2.9000
06.01.2014 00:33:16.386,1.49731,1.49531,1.6100,2.8800
06.01.2014 00:33:17.728,1.49729,1.49529,1.5500,1.3400
06.01.2014 00:33:19.047,1.49729,1.49529,1.7300,2.7900
06.01.2014 00:33:20.566,1.49730,1.49530,2.3000,1.8900
06.01.2014 00:33:21.963,1.49729,1.49529,1.7900,1.5600
06.01.2014 00:33:23.349,1.49729,1.49529,2.0000,2.7400
06.01.2014 00:33:24.670,1.49729,1.49529,1.4300,2.7100
06.01.2014 00:33:26.041,1.49731,1.49531,2.2700,1.4100
06.01.2014 00:33:27.353,1.49729,1.49529,1.5800,2.3600
06.01.2014 00:33:28.697,1.49727,1.49527,2.7900,1.3800
06.01.2014 00:33:30.262,1.49729,1.49529,2.0800,2.7200
06.01.2014 00:33:31.587,1.49730,1.49530,2.7800,2.4500
06.01.2014 00:33:32.971,1.49729,1.49529,2.6500,2.9000
06.01.2014 00:33:34.352,1.49728,1.49528,2.3100,1.6000
06.01.2014 00:33:35.617,1.49726,1.49526,1.9100,1.7800
06.01.2014 00:33:37.068,1.49727,1.49527,1.8700,2.8000
06.01.2014 00:33:38.477,1.49726,1.49526,1.5300,1.3300
06.01.2014 00:33:39.840,1.49727,1.49527,1.3100,2.7500
06.01.2014 00:33:41.265,1.49725,1.49525,2.8700,2.8600
06.01.2014 00:33:42.608,1.49727,1.49527,1.4800,1.2500
06.01.2014 00:33:43.999,1.49726,1.49526,2.2200,1.1200
06.01.2014 00:33:45.510,1.49726,1.49526,2.5700,2.2300
06.01.2014 00:33:46.823,1.49726,1.49526,1.4300,1.7900
06.01.2014 00:33:48.085,1.49724,1.49524,1.8000,2.4900
06.01.2014 00:33:49.695,1.49725,1.49525,2.3100,2.5200
06.01.2014 00:33:51.001,1.49724,1.49524,2.2300,2.8100
06.01.2014 00:33:52.491,1.49725,1.49525,2.3800,1.9100
06.01.2014 00:33:53.933,1.49726,1.49526,1.7900,1.6700
06.01.2014 00:33:55.382,1.49725,1.49525,1.9600,2.8700
06.01.2014 00:33:56.748,1.49726,1.49526,1.0900,1.6700
06.01.2014 00:33:58.255,1.49728,1.49528,2.3200,1.8000
06.01.2014 00:33:59.577,1.49727,1.49527,1.7200,2.2500
06.01.2014 00:34:01.029,1.49725,1.49525,2.6700,2.4400
06.01.2014 00:34:02.478,1.49725,1.49525,1.8100,2.7400
06.01.2014 00:34:03.907,1.49725,1.49525,2.9900,2.8100
06.01.2014 00:34:05.278,1.49725,1.49525,2.2900,1.9000
06.01.2014 00:34:06.794,1.49726,1.49526,2.3100,1.3700
06.01.2014 00:34:08.024,1.49724,1.49524,2.2600,2.0400
06.01.2014 00:34:09.557,1.49726,1.49526,2.8800,1.0200
06.01.2014 00:34:11.125,1.49725,1.49525,1.7500,2.0600
06.01.2014 00:34:12.454,1.49723,1.49523,1.2700,1.2000
06.01.2014 00:34:13.969,1.49721,1.49521,1.8500,2.9500
06.01.2014 00:34:15.429,1.49721,1.49521,2.9000,2.5200
06.01.2014 00:34:16.786,1.49721,1.49521,2.7100,1.3900
06.01.2014 00:34:18.401,1.49722,1.49522,1.2700,1.4600
06.01.2014 00:34:19.773,1.49722,1.49522,2.9400,1.4100
06.01.2014 00:34:21.196,1.49720,1.49520,2.5600,1.0700
06.01.2014 00:34:22.595,1.49722,1.49522,1.1200,1.4600
06.01.2014 00:34:24.107,1.49721,1.49521,2.4600,2.2600
06.01.2014 00:34:25.563,1.49721,1.49521,1.8000,2.6900
06.01.2014 00:34:27.248,1.49722,1.49522,1.9000,2.4900
06.01.2014 00:34:28.637,1.49722,1.49522,1.8800,2.5200
06.01.2014 00:34:30.155,1.49721,1.49521,1.5500,2.2900
06.01.2014 00:34:31.466,1.49720,1.49520,1.6200,2.3600
06.01.2014 00:34:32.944,1.49720,1.49520,2.0300,2.7000
06.01.2014 00:34:34.340,1.49721,1.49521,1.2500,1.5400
06.01.2014 00:34:35.703,1.49722,1.49522,1.7800,2.5400
06.01.2014 00:34:37.251,1.49721,1.49521,1.1500,1.9300
06.01.2014 00:34:38.690,1.49720,1.49520,2.8600,1.2200
06.01.2014 00:34:40.014,1.49716,1.49516,1.3900,1.8100
06.01.2014 00:34:41.356,1.49716,1.49516,2.4900,1.9800
06.01.2014 00:34:42.821,1.49716,1.49516,1.0700,2.4300
06.01.2014 00:34:44.113,1.49716,1.49516,1.4500,1.0600
06.01.2014 00:34:45.575,1.49719,1.49519,1.0600,2.6500
06.01.2014 00:34:46.965,1.49719,1.49519,1.4600,1.6100
06.01.2014 00:34:48.266,1.49721,1.49521,1.3300,2.9400
06.01.2014 00:34:49.550,1.49719,1.49519,2.1900,2.3800
06.01.2014 00:34:51.117,1.49717,1.49517,1.7700,2.2200
06.01.2014 00:34:52.412,1.49718,1.49518,1.9500,1.1100
06.01.2014 00:34:53.851,1.49716,1.49516,1.3500,2.1800
06.01.2014 00:34:55.212,1.49715,1.49515,1.6000,2.4300
06.01.2014 00:34:56.604,1.49717,1.49517,2.6300,2.2300
06.01.2014 00:34:58.008,1.49721,1.49521,1.4900,1.4800
06.01.2014 00:34:59.439,1.49723,1.49523,2.9400,1.0600
06.01.2014 00:35:00.854,1.49722,1.49522,1.5300,3.0000
06.01.2014 00:35:02.266,1.49721,1.49521,2.5600,1.5700
06.01.2014 00:35:03.703,1.49719,1.49519,1.7800,2.6500
06.01.2014 00:35:05.198,1.49715,1.49515,2.1000,2.6500
06.01.2014 00:35:06.385,1.49716,1.49516,1.6000,2.8400
06.01.2014 00:35:07.760,1.49713,1.49513,1.5800,1.7300
06.01.2014 00:35:09.033,1.49714,1.49514,1.6800,2.2300
06.01.2014 00:35:10.386,1.49714,1.49514,2.2700,2.8900
06.01.2014 00:35:11.897,1.49716,1.49516,2.5300,2.0600
06.01.2014 00:35:13.497,1.49715,1.49515,2.9500,2.4400
06.01.2014 00:35:15.053,1.49717,1.49517,2.9000,2.6100
06.01.2014 00:35:16.416,1.49717,1.49517,1.2200,1.3300
06.01.2014 00:35:17.973,1.49719,1.49519,1.4900,2.2300
06.01.2014 00:35:19.319,1.49716,1.49516,2.9200,2.1700
06.01.2014 00:35:20.544,1.49715,1.49515,2.1400,2.9500
06.01.2014 00:35:22.031,1.49713,1.49513,1.4100,2.8100
06.01.2014 00:35:23.535,1.49713,1.49513,1.0500,1.1200
06.01.2014 00:35:24.938,1.49711,1.49511,2.9700,2.2000
06.01.2014 00:35:26.587,1.49712,1.49512,2.4000,1.4700
06.01.2014 00:35:28.028,1.49711,1.49511,2.0700,2.6300
06.01.2014 00:35:29.399,1.49713,1.49513,2.2000,2.0000
06.01.2014 00:35:30.851,1.49711,1.49511,2.8900,1.2600
06.01.2014 00:35:32.223,1.49710,1.49510,1.5400,1.4600
06.01.2014 00:35:33.608,1.49711,1.49511,1.5100,2.4400
06.01.2014 00:35:34.954,1.49711,1.49511,2.4500,2.0900
06.01.2014 00:35:36.364,1.49711,1.49511,2.0600,1.3200
06.01.2014 00:35:37.792,1.49714,1.49514,1.5800,2.2000
06.01.2014 00:35:39.273,1.49716,1.49516,1.6800,1.2600
06.01.2014 00:35:40.689,1.49715,1.49515,2.3100,2.5100
06.01.2014 00:35:42.201,1.49712,1.49512,1.5100,2.5800
06.01.2014 00:35:43.510,1.49712,1.49512,2.6300,2.8600
06.01.2014 00:35:44.904,1.49712,1.49512,1.9500,2.8400
06.01.2014 00:35:46.393,1.49713,1.49513,1.8300,2.5200
06.01.2014 00:35:47.820,1.49711,1.49511,2.8700,2.8500
06.01.2014 00:35:49.159,1.49710,1.49510,2.1000,1.4200
06.01.2014 00:35:50.479,1.49708,1.49508,1.0500,1.0500
06.01.2014 00:35:51.864,1.49709,1.49509,2.0900,1.1800
06.01.2014 00:35:53.135,1.49707,1.49507,2.9900,1.4200
06.01.2014 00:35:54.410,1.49708,1.49508,2.8600,2.7300
06.01.2014 00:35:55.867,1.49705,1.49505,1.4100,1.7200
06.01.2014 00:35:57.348,1.49705,1.49505,2.1200,1.2300
06.01.2014 00:35:58.767,1.49702,1.49502,1.6700,2.8800
06.01.2014 00:36:00.056,1.49701,1.49501,1.7800,1.9500
06.01.2014 00:36:01.318,1.49698,1.49498,2.6600,1.8000
06.01.2014 00:36:02.579,1.49697,1.49497,2.5300,2.3000
06.01.2014 00:36:03.992,1.49694,1.49494,2.5300,1.4600
06.01.2014 00:36:05.455,1.49691,1.49491,1.2900,1.9600
06.01.2014 00:36:06.993,1.49690,1.49490,2.6600,2.5900
06.01.2014 00:36:08.333,1.49691,1.49491,1.1500,1.8800
06.01.2014 00:36:09.846,1.49696,1.49496,2.2500,2.5700
06.01.2014 00:36:11.295,1.49694,1.49494,1.5000,1.3600
06.01.2014 00:36:12.653,1.49696,1.49496,2.7900,1.2700
06.01.2014 00:36:14.147,1.49697,1.49497,1.5000,2.8400
06.01.2014 00:36:15.632,1.49696,1.49496,2.7100,1.5900
06.01.2014 00:36:16.972,1.49695,1.49495,1.8400,1.0700
06.01.2014 00:36:18.449,1.49692,1.49492,2.9300,2.8300
06.01.2014 00:36:19.972,1.49693,1.49493,1.1400,2.2500
06.01.2014 00:36:21.205,1.49691,1.49491,1.3100,1.1900
06.01.2014 00:36:22.539,1.49690,1.49490,2.9500,1.5600
06.01.2014 00:36:23.729,1.49690,1.49490,1.6300,1.9700
06.01.2014 00:36:25.154,1.49690,1.49490,2.4700,2.3100
06.01.2014 00:36:26.562,1.49690,1.49490,1.8700,2.8900
06.01.2014 00:36:27.975,1.49688,1.49488,2.4600,1.0700
06.01.2014 00:36:29.570,1.49688,1.49488,2.0900,2.6500
06.01.2014 00:36:30.829,1.49689,1.49489,1.2400,2.1000
06.01.2014 00:36:32.149,1.49690,1.49490,1.4000,2.5300
06.01.2014 00:36:33.652,1.49689,1.49489,1.8400,1.8900
06.01.2014 00:36:34.951,1.49687,1.49487,2.0300,1.1900
06.01.2014 00:36:36.369,1.49689,1.49489,2.6600,2.9600
06.01.2014 00:36:37.770,1.49691,1.49491,2.0300,1.3700
06.01.2014 00:36:39.103,1.49692,1.49492,1.1700,2.0800
06.01.2014 00:36:40.433,1.49690,1.49490,2.7100,1.8000
06.01.2014 00:36:41.792,1.49690,1.49490,2.7200,2.8200
06.01.2014 00:36:43.283,1.49692,1.49492,2.7000,1.6500
06.01.2014 00:36:44.729,1.49692,1.49492,2.6400,2.1100
06.01.2014 00:36:46.096,1.49692,1.49492,2.9300,1.9800
06.01.2014 00:36:47.439,1.49691,1.49491,2.4100,1.9600
06.01.2014 00:36:48.887,1.49687,1.49487,1.3800,2.2900
06.01.2014 00:36:50.397,1.49689,1.49489,2.5100,1.0200
06.01.2014 00:36:51.735,1.49688,1.49488,1.7200,1.6200
06.01.2014 00:36:53.212,1.49687,1.49487,1.4200,1.2100
06.01.2014 00:36:54.746,1.49687,1.49487,1.4200,2.5200
06.01.2014 00:36:56.310,1.49689,1.49489,2.8200,2.6100
06.01.2014 00:36:57.673,1.49690,1.49490,1.4500,2.5500
06.01.2014 00:36:59.195,1.49693,1.49493,2.8100,2.7500
06.01.2014 00:37:00.503,1.49692,1.49492,2.7700,2.6900
06.01.2014 00:37:02.134,1.49691,1.49491,1.7300,1.4500
06.01.2014 00:37:03.584,1.49691,1.49491,1.8300,2.9500
06.01.2014 00:37:05.080,1.49691,1.49491,1.3900,2.1100
06.01.2014 00:37:06.507,1.49692,1.49492,2.5300,2.6500
06.01.2014 00:37:08.102,1.49694,1.49494,2.4300,2.4700
06.01.2014 00:37:09.463,1.49692,1.49492,1.5000,2.4500
06.01.2014 00:37:10.850,1.49691,1.49491,2.3200,2.2000
06.01.2014 00:37:12.332,1.49690,1.49490,1.7400,2.8800
06.01.2014 00:37:13.786,1.49694,1.49494,2.5100,2.5700
06.01.2014 00:37:15.366,1.49691,1.49491,2.5900,1.9600
06.01.2014 00:37:16.707,1.49691,1.49491,2.3300,1.3300
06.01.2014 00:37:18.146,1.49694,1.49494,1.5800,1.8800
06.01.2014 00:37:19.609,1.49694,1.49494,1.0200,2.0000
06.01.2014 00:37:20.934,1.49693,1.49493,2.1900,1.9300
06.01.2014 00:37:22.320,1.49690,1.49490,2.0500,2.4900
06.01.2014 00:37:23.598,1.49689,1.49489,2.0900,2.8900
06.01.2014 00:37:25.019,1.49689,1.49489,2.6500,1.2000
06.01.2014 00:37:26.526,1.49688,1.49488,2.5200,2.1600
06.01.2014 00:37:28.010,1.49691,1.49491,2.2900,1.4900
06.01.2014 00:37:29.333,1.49690,1.49490,2.3800,1.5300
06.01.2014 00:37:30.612,1.49690,1.49490,2.8000,1.7700
06.01.2014 00:37:32.021,1.49690,1.49490,1.2700,1.0900
06.01.2014 00:37:33.438,1.49691,1.49491,1.3000,2.0000
06.01.2014 00:37:34.745,1.49691,1.49491,1.7500,1.5400
06.01.2014 00:37:36.121,1.49690,1.49490,1.9700,2.1600
06.01.2014 00:37:37.478,1.49694,1.49494,1.8300,1.5400
06.01.2014 00:37:39.004,1.49693,1.49493,2.2500,1.3500
06.01.2014 00:37:40.359,1.49694,1.49494,1.5700,1.1900
06.01.2014 00:37:41.841,1.49698,1.49498,2.3000,1.9500
06.01.2014 00:37:43.239,1.49698,1.49498,1.2600,2.5500
06.01.2014 00:37:44.591,1.49696,1.49496,2.5500,1.4900
06.01.2014 00:37:46.024,1.49697,1.49497,2.7900,2.7300
06.01.2014 00:37:47.464,1.49695,1.49495,2.9800,1.3500
06.01.2014 00:37:48.823,1.49693,1.49493,2.7100,1.5600
06.01.2014 00:37:50.092,1.49693,1.49493,2.0200,2.8100
06.01.2014 00:37:51.533,1.49691,1.49491,1.8100,2.4400
06.01.2014 00:37:53.007,1.49691,1.49491,2.9600,2.8100
06.01.2014 00:37:54.441,1.49688,1.49488,2.8500,1.1100
06.01.2014 00:37:55.698,1.49687,1.49487,2.5000,2.4400
06.01.2014 00:37:57.098,1.49687,1.49487,1.4300,1.3600
06.01.2014 00:37:58.521,1.49688,1.49488,2.9100,1.0000
06.01.2014 00:37:59.852,1.49688,1.49488,1.0900,2.5400
06.01.2014 00:38:01.175,1.49689,1.49489,2.6200,2.0500
06.01.2014 00:38:02.608,1.49689,1.49489,2.3400,2.5700
06.01.2014 00:38:03.898,1.49691,1.49491,1.8900,2.6100
06.01.2014 00:38:05.349,1.49688,1.49488,1.0200,2.8600
06.01.2014 00:38:06.651,1.49688,1.49488,1.4100,2.8100
06.01.2014 00:38:07.975,1.49686,1.49486,2.8300,2.1000
06.01.2014 00:38:09.264,1.49685,1.49485,2.4800,1.9800
06.01.2014 00:38:10.766,1.49685,1.49485,2.7100,2.1100
06.01.2014 00:38:12.118,1.49686,1.49486,2.1400,2.5600
06.01.2014 00:38:13.651,1.49688,1.49488,2.7500,2.9800
06.01.2014 00:38:15.081,1.49686,1.49486,1.8600,2.9100
06.01.2014 00:38:16.620,1.49686,1.49486,1.5100,1.3900
06.01.2014 00:38:18.171,1.49684,1.49484,1.8500,2.8700
06.01.2014 00:38:19.609,1.49684,1.49484,2.1700,1.4800
06.01.2014 00:38:20.739,1.49684,1.49484,2.4600,2.2300
06.01.2014 00:38:22.293,1.49688,1.49488,2.0500,1.8200
06.01.2014 00:38:23.584,1.49687,1.49487,2.9000,2.9400
06.01.2014 00:38:25.031,1.49690,1.49490,1.5000,1.9400
06.01.2014 00:38:26.494,1.49687,1.49487,1.1600,2.0000
06.01.2014 00:38:27.840,1.49684,1.49484,2.2600,1.8300
06.01.2014 00:38:29.221,1.49680,1.49480,2.7300,2.6000
06.01.2014 00:38:30.529,1.49680,1.49480,1.2200,2.3300
06.01.2014 00:38:31.933,1.49681,1.49481,1.1100,2.9300
06.01.2014 00:38:33.193,1.49680,1.49480,2.0700,2.8100
06.01.2014 00:38:34.696,1.49683,1.49483,2.8500,2.0100
06.01.2014 00:38:36.255,1.49686,1.49486,1.2500,2.5700
06.01.2014 00:38:37.716,1.49688,1.49488,1.6900,1.1000
06.01.2014 00:38:39.078,1.49689,1.49489,2.2700,1.1400
06.01.2014 00:38:40.378,1.49690,1.49490,2.7000,2.2000
06.01.2014 00:38:42.006,1.49691,1.49491,1.6900,1.2100
06.01.2014 00:38:43.559,1.49689,1.49489,1.0900,2.7800
06.01.2014 00:38:44.971,1.49689,1.49489,2.2900,1.7900
06.01.2014 00:38:46.428,1.49684,1.49484,2.9700,1.9000
06.01.2014 00:38:47.945,1.49685,1.49485,2.0100,2.4500
06.01.2014 00:38:49.431,1.49683,1.49483,2.0800,2.0300
06.01.2014 00:38:50.707,1.49687,1.49487,2.1000,1.7700
06.01.2014 00:38:51.918,1.49689,1.49489,1.4300,2.7500
06.01.2014 00:38:53.147,1.49686,1.49486,2.8300,2.2100
06.01.2014 00:38:54.380,1.49684,1.49484,2.5200,2.1700
06.01.2014 00:38:55.757,1.49684,1.49484,2.6900,2.6300
06.01.2014 00:38:57.178,1.49683,1.49483,2.7700,2.5900
06.01.2014 00:38:58.684,1.49680,1.49480,1.8900,1.1100
06.01.2014 00:38:59.974,1.49680,1.49480,1.1800,1.0700
06.01.2014 00:39:01.229,1.49682,1.49482,2.1100,2.5100
06.01.2014 00:39:02.535,1.49684,1.49484,2.9100,2.2600
06.01.2014 00:39:03.961,1.49686,1.49486,1.5400,2.7900
06.01.2014 00:39:05.247,1.49688,1.49488,2.3500,2.4000
06.01.2014 00:39:06.667,1.49689,1.49489,2.3700,1.2900
06.01.2014 00:39:08.025,1.49691,1.49491,2.2100,1.2000
06.01.2014 00:39:09.368,1.49690,1.49490,2.1200,2.1400
06.01.2014 00:39:10.760,1.49692,1.49492,1.4200,2.9800
06.01.2014 00:39:12.288,1.49690,1.49490,1.7500,2.4200
06.01.2014 00:39:13.611,1.49690,1.49490,1.0700,1.7400
06.01.2014 00:39:15.068,1.49690,1.49490,2.9800,2.9900
06.01.2014 00:39:16.505,1.49689,1.49489,2.4400,2.7000
06.01.2014 00:39:17.864,1.49688,1.49488,2.6500,1.0700
06.01.2014 00:39:19.174,1.49688,1.49488,1.5900,1.1500
06.01.2014 00:39:20.663,1.49687,1.49487,2.2800,1.0400
06.01.2014 00:39:22.147,1.49683,1.49483,2.9100,1.5200
06.01.2014 00:39:23.442,1.49686,1.49486,1.8700,2.7400
06.01.2014 00:39:24.838,1.49686,1.49486,2.9100,2.2000
06.01.2014 00:39:26.395,1.49686,1.49486,2.6300,2.9800
06.01.2014 00:39:27.794,1.49686,1.49486,2.5100,2.9600
06.01.2014 00:39:29.132,1.49687,1.49487,1.5900,1.6700
06.01.2014 00:39:30.553,1.49683,1.49483,2.3500,1.7800
06.01.2014 00:39:32.029,1.49684,1.49484,1.8200,2.2600
06.01.2014 00:39:33.359,1.49683,1.49483,2.6500,2.4800
06.01.2014 00:39:34.768,1.49683,1.49483,1.6700,2.6400
06.01.2014 00:39:36.096,1.49684,1.49484,2.1600,1.9800
06.01.2014 00:39:37.323,1.49682,1.49482,2.9300,1.9600
06.01.2014 00:39:38.770,1.49683,1.49483,2.4400,2.5300
06.01.2014 00:39:40.504,1.49686,1.49486,2.9100,1.7300
06.01.2014 00:39:42.188,1.49685,1.49485,1.0400,1.1900
06.01.2014 00:39:43.596,1.49687,1.49487,2.7900,1.9400
06.01.2014 00:39:44.860,1.49688,1.49488,1.0100,2.2100
06.01.2014 00:39:46.281,1.49690,1.49490,1.4300,1.6000
06.01.2014 00:39:47.864,1.49688,1.49488,2.7400,2.4300
06.01.2014 00:39:49.330,1.49688,1.49488,1.6800,1.4900
06.01.2014 00:39:50.702,1.49689,1.49489,1.0100,1.6400
06.01.2014 00:39:51.959,1.49691,1.49491,1.4700,1.1100
06.01.2014 00:39:53.321,1.49693,1.49493,1.7700,1.4300
06.01.2014 00:39:54.785,1.49689,1.49489,1.1200,1.1800
06.01.2014 00:39:56.211,1.49690,1.49490,1.3400,1.3100
06.01.2014 00:39:57.739,1.49690,1.49490,2.4600,1.5500
06.01.2014 00:39:59.009,1.49690,1.49490,2.7800,1.3900
06.01.2014 00:40:00.395,1.49689,1.49489,1.1100,2.1800
06.01.2014 00:40:01.852,1.49687,1.49487,2.5800,1.1300
06.01.2014 00:40:03.314,1.49690,1.49490,1.7600,2.2200
06.01.2014 00:40:04.777,1.49696,1.49496,2.9300,2.4100
06.01.2014 00:40:06.293,1.49693,1.49493,2.5100,1.8200
06.01.2014 00:40:07.629,1.49692,1.49492,1.9600,1.1400
06.01.2014 00:40:09.179,1.49693,1.49493,2.8100,1.5300
06.01.2014 00:40:10.469,1.49693,1.49493,1.9400,2.3600
06.01.2014 00:40:11.931,1.49694,1.49494,1.0500,1.3800
06.01.2014 00:40:13.439,1.49693,1.49493,1.2700,1.6800
06.01.2014 00:40:14.827,1.49693,1.49493,1.7600,1.8700
06.01.2014 00:40:16.161,1.49696,1.49496,2.3400,2.5000
06.01.2014 00:40:17.505,1.49698,1.49498,1.1900,2.8600
06.01.2014 00:40:18.953,1.49699,1.49499,2.0000,2.4000
06.01.2014 00:40:20.195,1.49696,1.49496,2.8200,1.2600
06.01.2014 00:40:21.702,1.49692,1.49492,2.8600,2.2800
06.01.2014 00:40:23.190,1.49691,1.49491,2.9400,1.4300
06.01.2014 00:40:24.806,1.49689,1.49489,2.5000,1.0400
06.01.2014 00:40:26.081,1.49692,1.49492,1.4900,2.9700
06.01.2014 00:40:27.345,1.49691,1.49491,2.7700,2.3900
06.01.2014 00:40:28.952,1.49695,1.49495,2.9600,1.8300
06.01.2014 00:40:30.407,1.49695,1.49495,2.1400,2.3900
06.01.2014 00:40:31.761,1.49693,1.49493,2.6300,2.0400
06.01.2014 00:40:33.149,1.49691,1.49491,2.7900,1.3700
06.01.2014 00:40:34.508,1.49689,1.49489,2.9600,1.9300
06.01.2014 00:40:35.924,1.49689,1.49489,1.2800,1.8400
06.01.2014 00:40:37.402,1.49690,1.49490,2.6700,1.4700
06.01.2014 00:40:38.782,1.49688,1.49488,2.8800,1.3200
06.01.2014 00:40:40.190,1.49688,1.49488,1.8300,1.2800
06.01.2014 00:40:41.664,1.49688,1.49488,2.1000,1.9200
06.01.2014 00:40:42.868,1.49690,1.49490,2.3300,1.1900
06.01.2014 00:40:44.372,1.49692,1.49492,1.0100,2.8400
06.01.2014 00:40:45.474,1.49693,1.49493,2.2700,1.0800
06.01.2014 00:40:47.060,1.49692,1.49492,2.4900,1.5300
06.01.2014 00:40:48.458,1.49693,1.49493,1.3500,1.1600
06.01.2014 00:40:49.833,1.49693,1.49493,2.2700,2.2900
06.01.2014 00:40:51.336,1.49693,1.49493,2.5500,2.3600
06.01.2014 00:40:52.634,1.49694,1.49494,1.8300,1.1300
06.01.2014 00:40:54.215,1.49694,1.49494,1.6500,2.5100
06.01.2014 00:40:55.658,1.49693,1.49493,1.8000,2.8800
06.01.2014 00:40:57.224,1.49691,1.49491,1.3600,1.9600
06.01.2014 00:40:58.495,1.49693,1.49493,2.5000,2.5500
06.01.2014 00:40:59.937,1.49694,1.49494,2.1100,2.7200
06.01.2014 00:41:01.204,1.49696,1.49496,3.0000,1.0300
06.01.2014 00:41:02.586,1.49694,1.49494,1.0600,1.4100
06.01.2014 00:41:04.091,1.49698,1.49498,2.1600,1.4000
06.01.2014 00:41:05.485,1.49699,1.49499,1.2900,2.7600
06.01.2014 00:41:06.889,1.49699,1.49499,2.6100,2.7600
06.01.2014 00:41:08.351,1.49701,1.49501,1.5300,1.8100
06.01.2014 00:41:09.779,1.49700,1.49500,1.0200,1.7900
06.01.2014 00:41:11.197,1.49696,1.49496,2.7700,2.9400
06.01.2014 00:41:12.641,1.49695,1.49495,1.6700,1.9600
06.01.2014 00:41:14.019,1.49693,1.49493,1.0700,1.7500
06.01.2014 00:41:15.404,1.49696,1.49496,2.1600,1.5700
06.01.2014 00:41:16.612,1.49694,1.49494,2.8000,1.1000
06.01.2014 00:41:18.086,1.49694,1.49494,2.0100,2.7400
06.01.2014 00:41:19.403,1.49695,1.49495,2.0100,1.0200
06.01.2014 00:41:20.636,1.49695,1.49495,1.7400,2.6600
06.01.2014 00:41:21.904,1.49693,1.49493,2.4600,1.2400
06.01.2014 00:41:23.315,1.49693,1.49493,1.3100,1.3100
06.01.2014 00:41:24.630,1.49694,1.49494,1.8100,1.7200
06.01.2014 00:41:25.915,1.49694,1.49494,2.5500,1.3900
06.01.2014 00:41:27.298,1.49693,1.49493,2.4400,2.1200
06.01.2014 00:41:28.759,1.49691,1.49491,1.7400,1.2700
06.01.2014 00:41:30.243,1.49691,1.49491,1.5800,2.3400
06.01.2014 00:41:31.636,1.49692,1.49492,1.7600,2.6500
06.01.2014 00:41:33.008,1.49690,1.49490,2.8000,2.5400
06.01.2014 00:41:34.560,1.49690,1.49490,1.8900,1.7700
06.01.2014 00:41:36.037,1.49690,1.49490,1.5400,2.1900
06.01.2014 00:41:37.606,1.49691,1.49491,1.7900,2.1700
06.01.2014 00:41:38.920,1.49693,1.49493,2.3300,2.4300
06.01.2014 00:41:40.204,1.49693,1.49493,1.8700,2.9900
06.01.2014 00:41:41.474,1.49695,1.49495,3.0000,1.2400
06.01.2014 00:41:42.897,1.49694,1.49494,2.2900,3.0000
06.01.2014 00:41:44.454,1.49694,1.49494,1.7800,2.6300
06.01.2014 00:41:45.730,1.49694,1.49494,2.9700,2.1500
06.01.2014 00:41:47.201,1.49695,1.49495,2.5200,2.1400
06.01.2014 00:41:48.344,1.49696,1.49496,2.5700,2.6500
06.01.2014 00:41:49.770,1.49697,1.49497,2.7500,1.7800
06.01.2014 00:41:51.238,1.49699,1.49499,1.3600,2.7300
06.01.2014 00:41:52.766,1.49699,1.49499,1.8700,1.3200
06.01.2014 00:41:54.020,1.49700,1.49500,2.4900,1.2700
06.01.2014 00:41:55.566,1.49704,1.49504,2.5800,1.5200
06.01.2014 00:41:56.964,1.49705,1.49505,1.2300,2.9300
06.01.2014 00:41:58.359,1.49703,1.49503,1.3300,2.3700
06.01.2014 00:41:59.888,1.49702,1.49502,2.3600,1.4400
06.01.2014 00:42:01.229,1.49702,1.49502,2.2200,1.4800
06.01.2014 00:42:02.660,1.49702,1.49502,2.2300,2.0600
06.01.2014 00:42:04.078,1.49701,1.49501,2.3700,2.0100
06.01.2014 00:42:05.512,1.49702,1.49502,2.0700,2.6600
06.01.2014 00:42:06.794,1.49702,1.49502,1.9000,2.3200
06.01.2014 00:42:08.220,1.49704,1.49504,1.2200,2.5400
06.01.2014 00:42:09.696,1.49701,1.49501,2.6600,1.0900
06.01.2014 00:42:11.052,1.49699,1.49499,2.8200,1.5600
06.01.2014 00:42:12.423,1.49699,1.49499,2.7900,1.2500
06.01.2014 00:42:13.831,1.49698,1.49498,2.1300,1.0900
06.01.2014 00:42:15.286,1.49696,1.49496,1.0100,1.0200
06.01.2014 00:42:16.666,1.49699,1.49499,1.8800,2.7200
06.01.2014 00:42:18.055,1.49701,1.49501,2.2000,1.8400
06.01.2014 00:42:19.510,1.49700,1.49500,1.6500,1.6000
06.01.2014 00:42:20.764,1.49699,1.49499,1.1800,1.8100
06.01.2014 00:42:22.123,1.49699,1.49499,2.7000,1.1200
06.01.2014 00:42:23.495,1.49697,1.49497,1.1100,1.9400
06.01.2014 00:42:25.041,1.49698,1.49498,2.3800,2.4800
06.01.2014 00:42:26.314,1.49698,1.49498,2.0200,1.6800
06.01.2014 00:42:27.644,1.49697,1.49497,2.5200,1.5900
06.01.2014 00:42:28.944,1.49701,1.49501,1.6600,1.0100
06.01.2014 00:42:30.403,1.49699,1.49499,1.3700,2.9800
06.01.2014 00:42:31.756,1.49695,1.49495,2.2000,2.4400
06.01.2014 00:42:33.179,1.49693,1.49493,2.1800,1.4600
06.01.2014 00:42:34.488,1.49692,1.49492,1.7900,2.4400
06.01.2014 00:42:35.943,1.49691,1.49491,2.3700,2.4000
06.01.2014 00:42:37.310,1.49692,1.49492,2.3400,1.1900
06.01.2014 00:42:38.661,1.49693,1.49493,1.7000,2.7100
06.01.2014 00:42:39.974,1.49694,1.49494,1.0300,2.2700
06.01.2014 00:42:41.430,1.49696,1.49496,1.6600,1.4400
06.01.2014 00:42:42.833,1.49695,1.49495,2.6900,2.1000
06.01.2014 00:42:44.201,1.49696,1.49496,1.1200,1.9000
06.01.2014 00:42:45.707,1.49700,1.49500,1.5300,1.0500
06.01.2014 00:42:47.018,1.49699,1.49499,1.3900,2.5100
06.01.2014 00:42:48.288,1.49697,1.49497,2.3900,1.9300
06.01.2014 00:42:49.745,1.49698,1.49498,2.2300,1.9800
06.01.2014 00:42:51.121,1.49697,1.49497,2.7800,1.1500
06.01.2014 00:42:52.466,1.49697,1.49497,1.6900,2.4000
06.01.2014 00:42:53.791,1.49696,1.49496,1.6100,2.3600
06.01.2014 00:42:55.235,1.49696,1.49496,2.2500,1.4400
06.01.2014 00:42:56.617,1.49699,1.49499,1.4700,2.2400
06.01.2014 00:42:58.130,1.49701,1.49501,2.3200,2.5600
06.01.2014 00:42:59.724,1.49701,1.49501,1.2000,1.1000
06.01.2014 00:43:01.008,1.49700,1.49500,2.0600,1.6800
06.01.2014 00:43:02.376,1.49699,1.49499,1.2000,2.3000
06.01.2014 00:43:03.892,1.49698,1.49498,1.4900,1.5000
06.01.2014 00:43:05.264,1.49698,1.49498,2.9800,2.3400
06.01.2014 00:43:06.733,1.49697,1.49497,1.8400,1.4200
06.01.2014 00:43:08.101,1.49697,1.49497,2.7700,1.5000
06.01.2014 00:43:09.449,1.49696,1.49496,2.3600,2.8300
06.01.2014 00:43:10.879,1.49699,1.49499,2.8300,2.8200
