Time,Ask,Bid,AskVolume,BidVolume
23.01.2014 00:00:01.840,1.47581,1.47381,2.4500,2.9100
23.01.2014 00:00:03.305,1.47584,1.47384,1.0000,2.1900
23.01.2014 00:00:04.802,1.47583,1.47383,2.4800,2.6400
23.01.2014 00:00:06.110,1.47582,1.47382,2.0600,1.6000
23.01.2014 00:00:07.310,1.47581,1.47381,1.7900,2.3900
23.01.2014 00:00:08.594,1.47580,1.47380,2.5500,1.4100
23.01.2014 00:00:09.938,1.47580,1.47380,1.8700,2.7900
23.01.2014 00:00:11.346,1.47581,1.47381,2.6400,2.3000
23.01.2014 00:00:12.746,1.47581,1.47381,1.3100,1.3200
23.01.2014 00:00:14.254,1.47582,1.47382,1.2900,2.6900
23.01.2014 00:00:15.669,1.47580,1.47380,1.0800,1.9300
23.01.2014 00:00:17.012,1.47580,1.47380,2.2900,2.8700
23.01.2014 00:00:18.480,1.47576,1.47376,1.2100,1.9400
23.01.2014 00:00:19.714,1.47576,1.47376,2.3700,1.8400
23.01.2014 00:00:20.901,1.47575,1.47375,2.3500,2.7800
23.01.2014 00:00:22.375,1.47573,1.47373,2.8500,1.2500
23.01.2014 00:00:23.879,1.47574,1.47374,1.4400,1.8500
23.01.2014 00:00:25.308,1.47574,1.47374,1.1200,2.5400
23.01.2014 00:00:26.716,1.47574,1.47374,2.8600,1.0600
23.01.2014 00:00:28.210,1.47574,1.47374,2.2600,2.0300
23.01.2014 00:00:29.657,1.47571,1.47371,1.1700,1.5600
23.01.2014 00:00:31.165,1.47574,1.47374,2.6400,2.0300
23.01.2014 00:00:32.551,1.47576,1.47376,1.9700,1.6100
23.01.2014 00:00:33.873,1.47576,1.47376,1.7400,1.8500
23.01.2014 00:00:35.383,1.47575,1.47375,2.2600,1.9200
23.01.2014 00:00:36.782,1.47573,1.47373,2.5400,2.6400
23.01.2014 00:00:38.109,1.47572,1.47372,2.4500,2.4900
23.01.2014 00:00:39.543,1.47575,1.47375,2.5200,1.5200
23.01.2014 00:00:40.926,1.47577,1.47377,2.0900,1.3300
23.01.2014 00:00:42.085,1.47577,1.47377,1.6000,2.3100
23.01.2014 00:00:43.425,1.47575,1.47375,2.4100,1.1100
23.01.2014 00:00:44.949,1.47574,1.47374,2.5200,2.5200
23.01.2014 00:00:46.368,1.47575,1.47375,1.3500,2.2500
23.01.2014 00:00:47.739,1.47576,1.47376,1.0300,2.4800
23.01.2014 00:00:49.013,1.47576,1.47376,2.7300,1.6400
23.01.2014 00:00:50.439,1.47573,1.47373,2.5600,1.9700
23.01.2014 00:00:51.924,1.47576,1.47376,2.9900,1.4100
23.01.2014 00:00:53.208,1.47574,1.47374,1.2500,1.5200
23.01.2014 00:00:54.625,1.47577,1.47377,2.5200,2.5100
23.01.2014 00:00:56.140,1.47576,1.47376,2.0200,1.9600
23.01.2014 00:00:57.397,1.47577,1.47377,2.0400,2.3000
23.01.2014 00:00:58.737,1.47579,1.47379,1.0300,1.6800
23.01.2014 00:01:00.093,1.47581,1.47381,1.8600,1.0500
23.01.2014 00:01:01.491,1.47581,1.47381,2.4900,2.5400
23.01.2014 00:01:02.879,1.47582,1.47382,2.8900,2.9600
23.01.2014 00:01:04.343,1.47585,1.47385,2.5000,1.1900
23.01.2014 00:01:05.808,1.47585,1.47385,2.1200,2.8200
23.01.2014 00:01:07.164,1.47585,1.47385,2.9800,2.6000
23.01.2014 00:01:08.327,1.47583,1.47383,1.4200,2.7300
23.01.2014 00:01:09.726,1.47581,1.47381,1.7500,1.3000
23.01.2014 00:01:11.078,1.47580,1.47380,1.7500,2.6600
23.01.2014 00:01:12.296,1.47579,1.47379,2.1400,1.3900
23.01.2014 00:01:13.771,1.47584,1.47384,2.7900,1.5800
23.01.2014 00:01:15.065,1.47584,1.47384,2.0900,1.4300
23.01.2014 00:01:16.467,1.47585,1.47385,2.3400,1.4600
23.01.2014 00:01:18.019,1.47587,1.47387,2.1700,1.5200
23.01.2014 00:01:19.415,1.47587,1.47387,2.0700,2.2700
23.01.2014 00:01:20.899,1.47586,1.47386,2.1600,1.6200
23.01.2014 00:01:22.185,1.47587,1.47387,1.0300,1.7600
23.01.2014 00:01:23.536,1.47586,1.47386,1.4600,1.1900
23.01.2014 00:01:24.802,1.47586,1.47386,2.2700,1.3900
23.01.2014 00:01:26.313,1.47584,1.47384,1.6400,1.6100
23.01.2014 00:01:27.904,1.47587,1.47387,1.4100,1.4400
23.01.2014 00:01:29.290,1.47585,1.47385,2.0600,2.5200
23.01.2014 00:01:30.602,1.47584,1.47384,1.6300,1.6300
23.01.2014 00:01:31.917,1.47583,1.47383,1.7600,2.1700
23.01.2014 00:01:33.480,1.47583,1.47383,2.4600,1.5800
23.01.2014 00:01:34.846,1.47582,1.47382,2.4700,2.0900
23.01.2014 00:01:36.168,1.47581,1.47381,2.9600,1.6200
23.01.2014 00:01:37.553,1.47581,1.47381,2.9200,2.6700
23.01.2014 00:01:38.849,1.47577,1.47377,2.1600,2.5400
23.01.2014 00:01:40.135,1.47578,1.47378,2.2200,2.3700
23.01.2014 00:01:41.441,1.47578,1.47378,2.6200,2.0000
23.01.2014 00:01:42.893,1.47579,1.47379,2.4200,2.8100
23.01.2014 00:01:44.189,1.47578,1.47378,2.0600,2.6700
23.01.2014 00:01:45.611,1.47578,1.47378,1.7100,1.3800
23.01.2014 00:01:47.129,1.47580,1.47380,1.4000,1.0200
23.01.2014 00:01:48.487,1.47579,1.47379,2.3600,1.6800
23.01.2014 00:01:49.949,1.47579,1.47379,2.3400,1.8100
23.01.2014 00:01:51.365,1.47579,1.47379,2.9500,2.7000
23.01.2014 00:01:52.798,1.47577,1.47377,1.2500,2.1900
23.01.2014 00:01:54.153,1.47578,1.47378,2.6900,1.1000
23.01.2014 00:01:55.565,1.47576,1.47376,2.6900,2.9500
23.01.2014 00:01:57.009,1.47580,1.47380,1.7400,1.7400
23.01.2014 00:01:58.381,1.47579,1.47379,1.2400,1.0800
23.01.2014 00:01:59.801,1.47580,1.47380,2.1100,2.1000
23.01.2014 00:02:01.288,1.47582,1.47382,2.3500,2.4900
23.01.2014 00:02:02.947,1.47583,1.47383,1.0300,1.2600
23.01.2014 00:02:04.330,1.47582,1.47382,2.3600,2.4400
23.01.2014 00:02:05.707,1.47580,1.47380,2.3600,1.3700
23.01.2014 00:02:07.081,1.47578,1.47378,1.1200,1.5500
23.01.2014 00:02:08.315,1.47578,1.47378,1.3700,1.9400
23.01.2014 00:02:09.909,1.47575,1.47375,2.7300,2.9700
23.01.2014 00:02:11.261,1.47575,1.47375,1.9100,1.3300
23.01.2014 00:02:12.570,1.47574,1.47374,2.7200,2.5900
23.01.2014 00:02:14.010,1.47575,1.47375,1.9300,2.5900
23.01.2014 00:02:15.376,1.47575,1.47375,2.3200,1.7700
23.01.2014 00:02:16.771,1.47574,1.47374,1.5500,1.2100
23.01.2014 00:02:18.209,1.47573,1.47373,1.0400,2.1600
23.01.2014 00:02:19.544,1.47571,1.47371,2.8200,2.4800
23.01.2014 00:02:20.924,1.47569,1.47369,1.7700,1.1800
23.01.2014 00:02:22.180,1.47569,1.47369,1.5800,1.3300
23.01.2014 00:02:23.697,1.47568,1.47368,1.7300,2.8000
23.01.2014 00:02:25.029,1.47568,1.47368,1.0400,1.7300
23.01.2014 00:02:26.326,1.47568,1.47368,2.2700,2.1700
23.01.2014 00:02:27.721,1.47564,1.47364,1.2000,2.3100
23.01.2014 00:02:29.188,1.47563,1.47363,1.4400,2.0500
23.01.2014 00:02:30.512,1.47563,1.47363,1.2600,1.3800
23.01.2014 00:02:32.008,1.47565,1.47365,2.5000,1.5500
23.01.2014 00:02:33.490,1.47562,1.47362,2.1000,2.9400
23.01.2014 00:02:34.950,1.47561,1.47361,2.9600,1.4500
23.01.2014 00:02:36.433,1.47561,1.47361,2.2500,1.4100
23.01.2014 00:02:37.974,1.47561,1.47361,1.8600,1.9000
23.01.2014 00:02:39.464,1.47560,1.47360,2.4700,2.6100
23.01.2014 00:02:40.832,1.47557,1.47357,2.1500,2.8500
23.01.2014 00:02:42.220,1.47557,1.47357,1.4200,2.3000
23.01.2014 00:02:43.595,1.47557,1.47357,1.6200,1.8000
23.01.2014 00:02:45.018,1.47557,1.47357,1.0100,2.3400
23.01.2014 00:02:46.215,1.47555,1.47355,1.5400,2.7400
23.01.2014 00:02:47.518,1.47556,1.47356,1.8800,2.0500
23.01.2014 00:02:49.051,1.47553,1.47353,2.4600,1.9100
23.01.2014 00:02:50.323,1.47553,1.47353,2.4700,1.9000
23.01.2014 00:02:51.668,1.47552,1.47352,2.1700,2.6300
23.01.2014 00:02:53.098,1.47552,1.47352,1.8700,2.5200
23.01.2014 00:02:54.458,1.47552,1.47352,2.9600,2.1400
23.01.2014 00:02:55.780,1.47550,1.47350,1.0200,2.5600
23.01.2014 00:02:57.172,1.47549,1.47349,2.8500,1.0500
23.01.2014 00:02:58.669,1.47549,1.47349,2.8700,2.5000
23.01.2014 00:03:00.171,1.47546,1.47346,1.2200,2.5500
23.01.2014 00:03:01.330,1.47547,1.47347,2.3500,2.8800
23.01.2014 00:03:02.766,1.47543,1.47343,1.9400,2.6200
23.01.2014 00:03:04.232,1.47546,1.47346,2.0900,2.8000
23.01.2014 00:03:05.697,1.47543,1.47343,2.7000,1.0700
23.01.2014 00:03:07.263,1.47543,1.47343,2.1700,2.2900
23.01.2014 00:03:08.576,1.47544,1.47344,2.9800,2.7600
23.01.2014 00:03:10.142,1.47544,1.47344,2.9900,1.3900
23.01.2014 00:03:11.694,1.47543,1.47343,2.7100,1.9100
23.01.2014 00:03:12.993,1.47542,1.47342,2.4000,2.8200
23.01.2014 00:03:14.377,1.47544,1.47344,2.4600,2.6200
23.01.2014 00:03:15.714,1.47543,1.47343,1.0600,1.1300
23.01.2014 00:03:17.028,1.47542,1.47342,1.4800,2.2100
23.01.2014 00:03:18.435,1.47541,1.47341,2.9600,2.0300
23.01.2014 00:03:19.746,1.47543,1.47343,2.4500,1.0700
23.01.2014 00:03:21.064,1.47543,1.47343,2.8700,1.6100
23.01.2014 00:03:22.369,1.47542,1.47342,1.5800,1.3900
23.01.2014 00:03:23.852,1.47539,1.47339,1.6700,1.9700
23.01.2014 00:03:25.355,1.47541,1.47341,1.1000,1.6200
23.01.2014 00:03:26.783,1.47540,1.47340,1.7700,1.1800
23.01.2014 00:03:28.323,1.47541,1.47341,2.4400,1.0400
23.01.2014 00:03:29.745,1.47540,1.47340,1.4800,2.2800
23.01.2014 00:03:31.084,1.47541,1.47341,1.2900,1.1700
23.01.2014 00:03:32.464,1.47539,1.47339,1.6400,2.3400
23.01.2014 00:03:33.736,1.47542,1.47342,2.6200,1.0000
23.01.2014 00:03:35.109,1.47541,1.47341,2.3200,2.0700
23.01.2014 00:03:36.431,1.47542,1.47342,2.7900,1.6900
23.01.2014 00:03:37.763,1.47539,1.47339,1.9600,2.4200
23.01.2014 00:03:39.177,1.47541,1.47341,2.2100,2.7300
23.01.2014 00:03:40.685,1.47543,1.47343,2.4300,2.5400
23.01.2014 00:03:42.136,1.47545,1.47345,1.7600,1.1000
23.01.2014 00:03:43.454,1.47546,1.47346,1.6000,2.1000
23.01.2014 00:03:44.766,1.47546,1.47346,2.6300,2.3100
23.01.2014 00:03:46.053,1.47546,1.47346,1.2800,2.8400
23.01.2014 00:03:47.618,1.47545,1.47345,1.2100,2.6700
23.01.2014 00:03:48.846,1.47545,1.47345,1.6400,2.7400
23.01.2014 00:03:50.349,1.47548,1.47348,2.2300,1.8200
23.01.2014 00:03:51.856,1.47549,1.47349,1.0500,1.2800
23.01.2014 00:03:53.343,1.47546,1.47346,1.5100,1.6900
23.01.2014 00:03:54.676,1.47547,1.47347,2.9700,1.2400
23.01.2014 00:03:56.111,1.47548,1.47348,2.0400,2.3900
23.01.2014 00:03:57.618,1.47550,1.47350,1.8500,2.4900
23.01.2014 00:03:58.999,1.47551,1.47351,2.2400,2.0600
23.01.2014 00:04:00.398,1.47548,1.47348,1.4500,2.1000
23.01.2014 00:04:01.744,1.47545,1.47345,2.8300,1.8600
23.01.2014 00:04:03.195,1.47545,1.47345,2.1700,2.8400
23.01.2014 00:04:04.619,1.47547,1.47347,1.4300,1.9100
23.01.2014 00:04:05.973,1.47545,1.47345,2.2300,1.6600
23.01.2014 00:04:07.417,1.47542,1.47342,2.6700,1.2900
23.01.2014 00:04:08.883,1.47539,1.47339,2.1700,2.1700
23.01.2014 00:04:10.387,1.47537,1.47337,2.9700,2.5700
23.01.2014 00:04:11.907,1.47537,1.47337,1.9800,2.4400
23.01.2014 00:04:13.341,1.47539,1.47339,1.6100,2.3100
23.01.2014 00:04:14.827,1.47538,1.47338,1.5000,1.6300
23.01.2014 00:04:16.179,1.47537,1.47337,1.2200,1.6800
23.01.2014 00:04:17.549,1.47536,1.47336,1.4100,1.9600
23.01.2014 00:04:19.179,1.47536,1.47336,2.7500,1.2400
23.01.2014 00:04:20.635,1.47536,1.47336,1.0300,2.2000
23.01.2014 00:04:21.698,1.47535,1.47335,2.2300,1.0200
23.01.2014 00:04:23.214,1.47535,1.47335,2.6200,2.7100
23.01.2014 00:04:24.587,1.47531,1.47331,1.1300,1.5300
23.01.2014 00:04:25.985,1.47533,1.47333,2.7000,2.1600
23.01.2014 00:04:27.279,1.47535,1.47335,2.8600,2.2800
23.01.2014 00:04:28.582,1.47535,1.47335,2.3000,1.3400
23.01.2014 00:04:29.891,1.47534,1.47334,1.7900,2.6500
23.01.2014 00:04:31.347,1.47535,1.47335,1.4700,2.5200
23.01.2014 00:04:32.678,1.47532,1.47332,1.2700,2.4600
23.01.2014 00:04:33.975,1.47533,1.47333,2.4700,2.2400
23.01.2014 00:04:35.596,1.47532,1.47332,1.1600,1.7800
23.01.2014 00:04:37.033,1.47535,1.47335,1.0500,1.9400
23.01.2014 00:04:38.556,1.47535,1.47335,1.6600,2.3000
23.01.2014 00:04:39.980,1.47538,1.47338,2.5500,1.6600
23.01.2014 00:04:41.480,1.47538,1.47338,2.2500,1.8900
23.01.2014 00:04:42.925,1.47538,1.47338,1.1200,2.6200
23.01.2014 00:04:44.213,1.47538,1.47338,2.9000,2.7400
23.01.2014 00:04:45.723,1.47538,1.47338,2.2400,2.4700
23.01.2014 00:04:47.274,1.47541,1.47341,1.5600,1.8500
23.01.2014 00:04:48.661,1.47539,1.47339,1.4700,1.3000
23.01.2014 00:04:50.089,1.47537,1.47337,2.8600,1.8100
23.01.2014 00:04:51.665,1.47538,1.47338,2.9700,2.2700
23.01.2014 00:04:52.885,1.47537,1.47337,1.0600,2.6700
23.01.2014 00:04:54.179,1.47538,1.47338,2.2600,1.1600
23.01.2014 00:04:55.564,1.47540,1.47340,1.8000,2.7400
23.01.2014 00:04:56.981,1.47540,1.47340,2.5200,2.5800
23.01.2014 00:04:58.477,1.47539,1.47339,2.5100,1.2600
23.01.2014 00:05:00.010,1.47539,1.47339,2.0900,2.8000
23.01.2014 00:05:01.483,1.47537,1.47337,1.3700,1.0300
23.01.2014 00:05:02.917,1.47537,1.47337,1.5100,2.9100
23.01.2014 00:05:04.440,1.47539,1.47339,2.4400,2.2200
23.01.2014 00:05:05.747,1.47540,1.47340,2.0200,2.0800
23.01.2014 00:05:07.187,1.47540,1.47340,2.2800,1.4600
23.01.2014 00:05:08.642,1.47541,1.47341,2.3200,1.0500
23.01.2014 00:05:10.057,1.47540,1.47340,1.4400,2.8200
23.01.2014 00:05:11.400,1.47538,1.47338,2.5400,2.5800
23.01.2014 00:05:12.768,1.47537,1.47337,1.1600,2.8500
23.01.2014 00:05:14.299,1.47533,1.47333,2.8400,2.8000
23.01.2014 00:05:15.565,1.47533,1.47333,2.4900,2.1300
23.01.2014 00:05:17.031,1.47533,1.47333,1.9900,2.8100
23.01.2014 00:05:18.641,1.47532,1.47332,2.6200,1.6000
23.01.2014 00:05:20.011,1.47530,1.47330,2.2400,1.1800
23.01.2014 00:05:21.345,1.47528,1.47328,2.0100,2.5600
23.01.2014 00:05:22.480,1.47525,1.47325,2.9500,1.4000
23.01.2014 00:05:23.851,1.47528,1.47328,1.9900,1.9900
23.01.2014 00:05:25.228,1.47527,1.47327,1.3200,2.7800
23.01.2014 00:05:26.712,1.47525,1.47325,1.3300,1.4900
23.01.2014 00:05:28.136,1.47523,1.47323,2.5100,2.5600
23.01.2014 00:05:29.627,1.47522,1.47322,2.3800,2.7100
23.01.2014 00:05:30.967,1.47523,1.47323,2.8500,1.4500
23.01.2014 00:05:32.379,1.47520,1.47320,2.8500,1.6400
23.01.2014 00:05:33.885,1.47524,1.47324,1.8000,2.0600
23.01.2014 00:05:35.268,1.47527,1.47327,2.3100,1.3900
23.01.2014 00:05:36.705,1.47528,1.47328,1.2500,1.6700
23.01.2014 00:05:38.047,1.47527,1.47327,1.3100,1.3000
23.01.2014 00:05:39.363,1.47528,1.47328,2.1400,1.5900
23.01.2014 00:05:40.782,1.47528,1.47328,2.5700,1.5300
23.01.2014 00:05:42.257,1.47525,1.47325,1.7400,1.7400
23.01.2014 00:05:43.621,1.47521,1.47321,1.7000,1.3300
23.01.2014 00:05:45.187,1.47522,1.47322,2.7100,1.2400
23.01.2014 00:05:46.614,1.47523,1.47323,2.5500,1.4300
23.01.2014 00:05:48.082,1.47523,1.47323,2.4700,1.5700
23.01.2014 00:05:49.584,1.47524,1.47324,1.2200,1.5100
23.01.2014 00:05:51.017,1.47526,1.47326,1.3900,2.0300
23.01.2014 00:05:52.348,1.47525,1.47325,1.6100,1.3700
23.01.2014 00:05:53.692,1.47526,1.47326,2.4400,2.4200
23.01.2014 00:05:55.015,1.47526,1.47326,1.4300,1.8900
23.01.2014 00:05:56.475,1.47524,1.47324,1.4100,2.2200
23.01.2014 00:05:57.961,1.47525,1.47325,2.2300,2.2100
23.01.2014 00:05:59.332,1.47527,1.47327,1.9500,1.4400
23.01.2014 00:06:00.826,1.47528,1.47328,1.2200,2.9000
23.01.2014 00:06:02.301,1.47525,1.47325,2.6600,1.8100
23.01.2014 00:06:03.762,1.47526,1.47326,1.4300,2.4600
23.01.2014 00:06:05.060,1.47524,1.47324,2.6100,2.1800
23.01.2014 00:06:06.473,1.47527,1.47327,2.2900,2.5300
23.01.2014 00:06:07.700,1.47528,1.47328,2.9100,2.5300
23.01.2014 00:06:09.124,1.47526,1.47326,2.4100,1.5500
23.01.2014 00:06:10.527,1.47527,1.47327,2.6600,1.9600
23.01.2014 00:06:11.878,1.47524,1.47324,2.8700,2.5600
23.01.2014 00:06:13.110,1.47524,1.47324,1.5000,1.4200
23.01.2014 00:06:14.411,1.47525,1.47325,2.7400,2.5700
23.01.2014 00:06:15.783,1.47525,1.47325,1.2900,2.2200
23.01.2014 00:06:17.220,1.47526,1.47326,1.4700,1.4700
23.01.2014 00:06:18.651,1.47524,1.47324,2.6000,1.3900
23.01.2014 00:06:20.120,1.47523,1.47323,2.4400,2.2200
23.01.2014 00:06:21.614,1.47521,1.47321,1.4000,2.7500
23.01.2014 00:06:22.925,1.47522,1.47322,1.9400,1.9800
23.01.2014 00:06:24.426,1.47520,1.47320,1.4900,2.2500
23.01.2014 00:06:25.777,1.47521,1.47321,2.6900,2.2900
23.01.2014 00:06:27.251,1.47519,1.47319,2.8400,2.4100
23.01.2014 00:06:28.542,1.47520,1.47320,1.9400,1.3600
23.01.2014 00:06:30.076,1.47520,1.47320,2.4400,1.3700
23.01.2014 00:06:31.509,1.47519,1.47319,1.4000,3.0000
23.01.2014 00:06:32.865,1.47516,1.47316,2.5900,2.4600
23.01.2014 00:06:34.373,1.47516,1.47316,1.7500,2.0600
23.01.2014 00:06:35.882,1.47516,1.47316,1.8100,1.9600
23.01.2014 00:06:37.372,1.47518,1.47318,1.7900,1.8600
23.01.2014 00:06:38.819,1.47519,1.47319,1.1300,2.7800
23.01.2014 00:06:40.250,1.47519,1.47319,2.6600,2.8400
23.01.2014 00:06:41.701,1.47520,1.47320,2.1400,1.4300
23.01.2014 00:06:43.264,1.47517,1.47317,1.7500,2.1400
23.01.2014 00:06:44.650,1.47518,1.47318,2.1900,1.2600
23.01.2014 00:06:45.936,1.47519,1.47319,2.3300,1.1900
23.01.2014 00:06:47.317,1.47517,1.47317,2.4500,1.0500
23.01.2014 00:06:48.674,1.47516,1.47316,1.0200,1.3500
23.01.2014 00:06:49.912,1.47517,1.47317,2.5500,1.1800
23.01.2014 00:06:51.322,1.47518,1.47318,1.9200,1.4200
23.01.2014 00:06:52.801,1.47515,1.47315,1.2400,2.9500
23.01.2014 00:06:54.299,1.47513,1.47313,2.3600,2.8500
23.01.2014 00:06:55.908,1.47508,1.47308,1.8600,1.3100
23.01.2014 00:06:57.181,1.47506,1.47306,2.5600,2.5700
23.01.2014 00:06:58.520,1.47508,1.47308,1.1100,2.8200
23.01.2014 00:06:59.980,1.47507,1.47307,1.0900,1.0000
23.01.2014 00:07:01.381,1.47506,1.47306,2.1500,1.0500
23.01.2014 00:07:02.889,1.47503,1.47303,1.2200,2.8200
23.01.2014 00:07:04.268,1.47503,1.47303,2.1400,1.0000
23.01.2014 00:07:05.779,1.47503,1.47303,2.9100,2.3700
23.01.2014 00:07:07.233,1.47501,1.47301,2.1000,1.9100
23.01.2014 00:07:08.650,1.47502,1.47302,2.9700,1.1000
23.01.2014 00:07:10.209,1.47501,1.47301,2.0600,2.5800
23.01.2014 00:07:11.584,1.47500,1.47300,1.3200,1.0800
23.01.2014 00:07:12.868,1.47502,1.47302,1.7800,1.9500
23.01.2014 00:07:14.126,1.47501,1.47301,1.5800,1.3800
23.01.2014 00:07:15.269,1.47500,1.47300,1.2200,2.8800
23.01.2014 00:07:16.522,1.47499,1.47299,1.4400,2.4300
23.01.2014 00:07:18.029,1.47500,1.47300,2.3100,1.3700
23.01.2014 00:07:19.331,1.47501,1.47301,2.6900,1.3300
23.01.2014 00:07:20.771,1.47500,1.47300,1.8700,2.8100
23.01.2014 00:07:22.131,1.47500,1.47300,1.2500,2.1800
23.01.2014 00:07:23.467,1.47498,1.47298,2.4100,2.2800
23.01.2014 00:07:24.862,1.47499,1.47299,2.2300,2.9700
23.01.2014 00:07:26.064,1.47499,1.47299,1.6600,2.8300
23.01.2014 00:07:27.500,1.47500,1.47300,2.7800,1.0800
23.01.2014 00:07:28.912,1.47499,1.47299,1.4000,2.4800
23.01.2014 00:07:30.401,1.47497,1.47297,1.5900,2.7600
23.01.2014 00:07:31.776,1.47495,1.47295,2.8600,1.3500
23.01.2014 00:07:33.344,1.47495,1.47295,1.9400,2.5500
23.01.2014 00:07:34.796,1.47494,1.47294,1.2800,2.1000
23.01.2014 00:07:36.159,1.47493,1.47293,2.9400,1.0400
23.01.2014 00:07:37.572,1.47495,1.47295,1.0300,1.9600
23.01.2014 00:07:38.850,1.47495,1.47295,2.2600,2.3700
23.01.2014 00:07:40.305,1.47495,1.47295,1.2500,1.4300
23.01.2014 00:07:41.666,1.47496,1.47296,1.2700,1.6300
23.01.2014 00:07:43.104,1.47496,1.47296,2.3900,1.4500
23.01.2014 00:07:44.565,1.47493,1.47293,1.0500,2.2800
23.01.2014 00:07:45.949,1.47495,1.47295,2.9900,1.2400
23.01.2014 00:07:47.513,1.47495,1.47295,2.2100,2.7700
23.01.2014 00:07:48.869,1.47494,1.47294,2.3000,2.9200
23.01.2014 00:07:50.203,1.47494,1.47294,2.4900,1.8100
23.01.2014 00:07:51.420,1.47489,1.47289,1.9700,3.0000
23.01.2014 00:07:52.847,1.47491,1.47291,1.5700,1.2200
23.01.2014 00:07:54.222,1.47492,1.47292,2.7100,2.8400
23.01.2014 00:07:55.540,1.47493,1.47293,1.9200,2.6400
23.01.2014 00:07:56.715,1.47492,1.47292,2.8300,1.2600
23.01.2014 00:07:58.231,1.47496,1.47296,1.5600,1.6700
23.01.2014 00:07:59.604,1.47494,1.47294,1.4500,1.5200
23.01.2014 00:08:01.048,1.47492,1.47292,1.6800,2.8500
23.01.2014 00:08:02.387,1.47491,1.47291,1.2500,2.7900
23.01.2014 00:08:03.768,1.47490,1.47290,2.9900,1.6000
23.01.2014 00:08:05.324,1.47487,1.47287,2.4700,1.5000
23.01.2014 00:08:06.939,1.47484,1.47284,2.9500,1.0000
23.01.2014 00:08:08.447,1.47487,1.47287,1.5600,1.1900
23.01.2014 00:08:09.997,1.47488,1.47288,1.5000,2.3800
23.01.2014 00:08:11.414,1.47485,1.47285,1.0200,2.7800
23.01.2014 00:08:12.824,1.47480,1.47280,2.8600,1.1400
23.01.2014 00:08:14.126,1.47479,1.47279,2.8900,1.9500
23.01.2014 00:08:15.476,1.47477,1.47277,2.7500,1.4000
23.01.2014 00:08:16.973,1.47478,1.47278,1.6400,1.5200
23.01.2014 00:08:18.138,1.47478,1.47278,1.1100,1.9700
23.01.2014 00:08:19.691,1.47478,1.47278,1.1100,1.3800
23.01.2014 00:08:21.128,1.47480,1.47280,2.7700,2.6900
23.01.2014 00:08:22.579,1.47480,1.47280,1.6300,2.9400
23.01.2014 00:08:24.062,1.47481,1.47281,2.6400,1.1300
23.01.2014 00:08:25.415,1.47481,1.47281,2.3300,1.8700
23.01.2014 00:08:26.739,1.47482,1.47282,1.5300,2.0900
23.01.2014 00:08:28.160,1.47478,1.47278,2.0000,2.9500
23.01.2014 00:08:29.463,1.47477,1.47277,2.0900,1.1600
23.01.2014 00:08:30.736,1.47475,1.47275,2.3300,2.3900
23.01.2014 00:08:32.228,1.47475,1.47275,2.9900,1.3300
23.01.2014 00:08:33.555,1.47474,1.47274,2.3800,1.2000
23.01.2014 00:08:34.821,1.47474,1.47274,1.9900,1.8300
23.01.2014 00:08:36.258,1.47474,1.47274,2.2800,1.0000
23.01.2014 00:08:37.790,1.47475,1.47275,1.7700,1.9100
23.01.2014 00:08:39.246,1.47474,1.47274,1.0800,1.7400
23.01.2014 00:08:40.702,1.47473,1.47273,2.5500,1.2300
23.01.2014 00:08:42.064,1.47470,1.47270,2.9900,1.1200
23.01.2014 00:08:43.520,1.47469,1.47269,2.9000,1.9000
23.01.2014 00:08:44.916,1.47468,1.47268,2.1900,2.8400
23.01.2014 00:08:46.343,1.47470,1.47270,2.3100,1.0600
23.01.2014 00:08:47.812,1.47468,1.47268,2.0100,2.5900
23.01.2014 00:08:49.031,1.47471,1.47271,2.2300,1.7400
23.01.2014 00:08:50.430,1.47472,1.47272,1.8200,1.2300
23.01.2014 00:08:51.663,1.47472,1.47272,2.1100,2.4800
23.01.2014 00:08:52.970,1.47472,1.47272,1.0100,2.7200
23.01.2014 00:08:54.255,1.47473,1.47273,1.4900,1.2400
23.01.2014 00:08:55.499,1.47476,1.47276,1.2100,2.9900
23.01.2014 00:08:56.924,1.47475,1.47275,2.0200,2.3700
23.01.2014 00:08:58.334,1.47474,1.47274,2.9100,1.9400
23.01.2014 00:08:59.519,1.47472,1.47272,1.2300,1.0800
23.01.2014 00:09:00.883,1.47473,1.47273,1.0300,1.0700
23.01.2014 00:09:02.374,1.47475,1.47275,2.4900,2.8100
23.01.2014 00:09:03.810,1.47477,1.47277,2.6000,1.3600
23.01.2014 00:09:05.233,1.47476,1.47276,1.4500,2.3500
23.01.2014 00:09:06.642,1.47477,1.47277,2.9500,2.3500
23.01.2014 00:09:08.073,1.47475,1.47275,1.6100,1.1400
23.01.2014 00:09:09.558,1.47474,1.47274,2.6300,2.0000
23.01.2014 00:09:10.879,1.47474,1.47274,1.6800,1.3100
23.01.2014 00:09:12.335,1.47472,1.47272,2.4200,2.4600
23.01.2014 00:09:13.663,1.47470,1.47270,2.2400,2.9100
23.01.2014 00:09:15.029,1.47473,1.47273,1.3100,2.8200
23.01.2014 00:09:16.507,1.47473,1.47273,2.1900,2.8600
23.01.2014 00:09:17.893,1.47471,1.47271,1.7800,1.3500
23.01.2014 00:09:19.263,1.47473,1.47273,1.7200,1.5400
23.01.2014 00:09:20.533,1.47471,1.47271,2.7800,2.7800
23.01.2014 00:09:21.916,1.47470,1.47270,2.1200,1.5500
23.01.2014 00:09:23.422,1.47467,1.47267,2.9300,1.0000
23.01.2014 00:09:24.757,1.47469,1.47269,1.8600,2.0900
23.01.2014 00:09:26.209,1.47469,1.47269,1.7100,2.7100
23.01.2014 00:09:27.694,1.47469,1.47269,1.8300,2.6100
23.01.2014 00:09:29.092,1.47470,1.47270,1.1600,2.0700
23.01.2014 00:09:30.422,1.47468,1.47268,2.1500,1.0600
23.01.2014 00:09:31.895,1.47465,1.47265,2.9600,2.5800
23.01.2014 00:09:33.278,1.47466,1.47266,1.8800,1.8500
23.01.2014 00:09:34.694,1.47465,1.47265,2.7900,1.9200
23.01.2014 00:09:36.041,1.47466,1.47266,2.5600,2.5000
23.01.2014 00:09:37.530,1.47466,1.47266,2.8600,1.6700
23.01.2014 00:09:38.879,1.47465,1.47265,2.2700,1.6500
23.01.2014 00:09:40.308,1.47463,1.47263,1.6600,1.2100
23.01.2014 00:09:41.784,1.47460,1.47260,2.0300,2.9000
23.01.2014 00:09:43.281,1.47460,1.47260,1.6600,2.9200
23.01.2014 00:09:44.512,1.47460,1.47260,1.4700,2.4800
23.01.2014 00:09:45.873,1.47458,1.47258,1.4800,2.5500
23.01.2014 00:09:47.127,1.47455,1.47255,2.6000,2.9600
23.01.2014 00:09:48.448,1.47453,1.47253,1.3800,1.5900
23.01.2014 00:09:50.028,1.47454,1.47254,2.4100,2.9200
23.01.2014 00:09:51.410,1.47451,1.47251,1.3200,1.9500
23.01.2014 00:09:52.810,1.47453,1.47253,1.2600,2.6000
23.01.2014 00:09:54.254,1.47452,1.47252,2.0200,1.1400
23.01.2014 00:09:55.606,1.47453,1.47253,2.9000,1.5700
23.01.2014 00:09:57.194,1.47453,1.47253,2.8500,2.3100
23.01.2014 00:09:58.812,1.47452,1.47252,1.4100,1.9600
23.01.2014 00:10:00.219,1.47453,1.47253,1.0900,1.7300
23.01.2014 00:10:01.597,1.47456,1.47256,2.7000,1.8400
23.01.2014 00:10:03.000,1.47455,1.47255,2.9000,2.9500
23.01.2014 00:10:04.459,1.47453,1.47253,2.8700,2.5300
23.01.2014 00:10:05.758,1.47453,1.47253,1.4400,1.8800
23.01.2014 00:10:07.075,1.47450,1.47250,1.8800,2.2800
23.01.2014 00:10:08.380,1.47451,1.47251,2.0600,2.8900
23.01.2014 00:10:09.757,1.47450,1.47250,2.8500,2.5000
23.01.2014 00:10:11.052,1.47447,1.47247,2.6600,2.5400
23.01.2014 00:10:12.414,1.47446,1.47246,2.4600,1.3200
23.01.2014 00:10:13.803,1.47447,1.47247,1.4100,2.4400
23.01.2014 00:10:15.073,1.47446,1.47246,2.8300,2.1500
23.01.2014 00:10:16.391,1.47446,1.47246,2.5400,2.6400
23.01.2014 00:10:17.676,1.47446,1.47246,2.9100,1.2600
23.01.2014 00:10:18.973,1.47446,1.47246,2.7600,1.3200
23.01.2014 00:10:20.526,1.47447,1.47247,2.9200,2.7000
23.01.2014 00:10:21.898,1.47447,1.47247,1.6300,1.6100
23.01.2014 00:10:23.423,1.47449,1.47249,2.6400,1.1400
23.01.2014 00:10:24.780,1.47445,1.47245,2.6300,2.4600
23.01.2014 00:10:26.067,1.47447,1.47247,2.7000,1.3400
23.01.2014 00:10:27.728,1.47445,1.47245,2.6200,2.3900
23.01.2014 00:10:29.200,1.47448,1.47248,2.9700,2.3300
23.01.2014 00:10:30.430,1.47448,1.47248,1.9500,2.0500
23.01.2014 00:10:31.757,1.47451,1.47251,2.9000,2.0000
23.01.2014 00:10:32.947,1.47452,1.47252,1.2200,1.5100
23.01.2014 00:10:34.204,1.47451,1.47251,2.5100,2.5300
23.01.2014 00:10:35.616,1.47452,1.47252,1.2900,1.1200
23.01.2014 00:10:37.084,1.47453,1.47253,2.0600,2.9100
23.01.2014 00:10:38.396,1.47450,1.47250,2.2800,2.0900
23.01.2014 00:10:39.733,1.47450,1.47250,2.6600,1.7900
23.01.2014 00:10:41.103,1.47450,1.47250,1.4100,1.1900
23.01.2014 00:10:42.419,1.47452,1.47252,2.1900,1.7200
23.01.2014 00:10:43.754,1.47453,1.47253,2.3800,1.4200
23.01.2014 00:10:45.149,1.47453,1.47253,1.2700,2.8200
23.01.2014 00:10:46.523,1.47455,1.47255,2.4400,2.2900
23.01.2014 00:10:47.842,1.47456,1.47256,1.3200,1.4200
23.01.2014 00:10:49.198,1.47456,1.47256,2.1500,2.6200
23.01.2014 00:10:50.484,1.47458,1.47258,2.3300,2.7800
23.01.2014 00:10:51.953,1.47456,1.47256,1.1200,1.1500
23.01.2014 00:10:53.271,1.47454,1.47254,2.4000,2.2400
23.01.2014 00:10:54.745,1.47455,1.47255,2.3900,2.1500
23.01.2014 00:10:56.077,1.47456,1.47256,2.3300,2.1400
23.01.2014 00:10:57.645,1.47458,1.47258,2.8000,2.4000
23.01.2014 00:10:59.156,1.47460,1.47260,1.6300,2.0500
23.01.2014 00:11:00.647,1.47462,1.47262,1.1900,1.3200
23.01.2014 00:11:01.930,1.47461,1.47261,2.4600,2.0400
23.01.2014 00:11:03.204,1.47460,1.47260,1.2600,1.2900
23.01.2014 00:11:04.434,1.47460,1.47260,1.7500,1.3200
23.01.2014 00:11:06.052,1.47459,1.47259,2.4200,2.0500
23.01.2014 00:11:07.226,1.47458,1.47258,2.6100,1.7400
23.01.2014 00:11:08.804,1.47457,1.47257,1.1700,1.9900
23.01.2014 00:11:10.291,1.47459,1.47259,1.1600,2.3500
23.01.2014 00:11:11.819,1.47460,1.47260,2.1500,2.8200
23.01.2014 00:11:13.208,1.47462,1.47262,2.4200,1.0900
23.01.2014 00:11:14.579,1.47462,1.47262,2.8800,1.5300
23.01.2014 00:11:15.740,1.47461,1.47261,2.6300,1.0300
23.01.2014 00:11:17.050,1.47464,1.47264,2.8400,1.6000
23.01.2014 00:11:18.332,1.47462,1.47262,2.9900,1.7400
23.01.2014 00:11:19.923,1.47461,1.47261,1.1700,1.8500
23.01.2014 00:11:21.301,1.47462,1.47262,1.3000,2.7200
23.01.2014 00:11:22.814,1.47464,1.47264,1.8000,1.0300
23.01.2014 00:11:24.049,1.47464,1.47264,2.3500,1.9000
23.01.2014 00:11:25.440,1.47463,1.47263,2.6600,1.5300
23.01.2014 00:11:26.867,1.47461,1.47261,1.9800,1.2300
23.01.2014 00:11:28.324,1.47464,1.47264,2.6000,1.3900
23.01.2014 00:11:29.557,1.47466,1.47266,2.3200,1.9500
23.01.2014 00:11:30.925,1.47466,1.47266,2.7700,2.9900
23.01.2014 00:11:32.416,1.47466,1.47266,1.4600,2.4800
23.01.2014 00:11:33.882,1.47467,1.47267,1.8100,2.7500
23.01.2014 00:11:35.192,1.47467,1.47267,1.2700,2.3700
23.01.2014 00:11:36.727,1.47466,1.47266,1.3400,1.2300
23.01.2014 00:11:38.119,1.47466,1.47266,1.3100,2.3200
23.01.2014 00:11:39.603,1.47467,1.47267,2.7900,1.7200
23.01.2014 00:11:40.905,1.47467,1.47267,1.4600,2.9300
23.01.2014 00:11:42.477,1.47467,1.47267,2.0000,1.8400
23.01.2014 00:11:43.883,1.47468,1.47268,1.5100,1.8800
23.01.2014 00:11:45.412,1.47466,1.47266,1.0900,1.9600
23.01.2014 00:11:46.578,1.47465,1.47265,1.9700,1.0900
23.01.2014 00:11:47.962,1.47467,1.47267,1.5100,1.0800
23.01.2014 00:11:49.442,1.47468,1.47268,1.5000,2.3600
23.01.2014 00:11:51.030,1.47469,1.47269,2.2700,1.4600
23.01.2014 00:11:52.499,1.47471,1.47271,2.8300,1.9600
23.01.2014 00:11:53.769,1.47471,1.47271,2.1100,1.8600
23.01.2014 00:11:55.222,1.47473,1.47273,2.8100,2.8600
23.01.2014 00:11:56.709,1.47477,1.47277,2.9600,2.7400
23.01.2014 00:11:58.088,1.47475,1.47275,2.8100,2.5900
23.01.2014 00:11:59.418,1.47474,1.47274,2.6500,1.0500
23.01.2014 00:12:00.697,1.47473,1.47273,2.9600,1.3000
23.01.2014 00:12:01.897,1.47474,1.47274,1.6700,2.7800
23.01.2014 00:12:03.282,1.47474,1.47274,2.0500,1.0300
23.01.2014 00:12:04.634,1.47472,1.47272,2.0200,1.0500
23.01.2014 00:12:05.993,1.47474,1.47274,2.6000,2.9800
23.01.2014 00:12:07.436,1.47474,1.47274,2.6700,2.3000
23.01.2014 00:12:08.737,1.47474,1.47274,2.9100,2.1000
23.01.2014 00:12:10.137,1.47473,1.47273,2.4200,1.6600
23.01.2014 00:12:11.661,1.47474,1.47274,2.3500,2.4600
23.01.2014 00:12:13.084,1.47473,1.47273,1.3200,1.3900
23.01.2014 00:12:14.443,1.47470,1.47270,1.0000,1.4100
23.01.2014 00:12:15.612,1.47470,1.47270,1.3600,2.6500
23.01.2014 00:12:17.006,1.47473,1.47273,2.0500,1.8400
23.01.2014 00:12:18.240,1.47472,1.47272,2.6200,1.8600
23.01.2014 00:12:19.590,1.47473,1.47273,1.2400,1.7100
23.01.2014 00:12:21.135,1.47474,1.47274,1.5300,1.8600
23.01.2014 00:12:22.678,1.47473,1.47273,1.8200,2.1000
23.01.2014 00:12:24.037,1.47470,1.47270,1.6700,1.4600
23.01.2014 00:12:25.297,1.47470,1.47270,1.6100,1.4600
23.01.2014 00:12:26.593,1.47470,1.47270,1.7400,1.9800
23.01.2014 00:12:28.160,1.47466,1.47266,1.5800,2.8700
23.01.2014 00:12:29.432,1.47467,1.47267,1.3600,2.2800
23.01.2014 00:12:30.934,1.47468,1.47268,2.4600,2.4200
23.01.2014 00:12:32.393,1.47469,1.47269,2.8900,2.2800
23.01.2014 00:12:33.675,1.47465,1.47265,2.2300,1.8700
23.01.2014 00:12:35.117,1.47465,1.47265,2.9300,2.0000
23.01.2014 00:12:36.296,1.47464,1.47264,1.5200,2.0300
23.01.2014 00:12:37.463,1.47464,1.47264,1.4800,2.8400
23.01.2014 00:12:38.694,1.47466,1.47266,1.7700,2.7200
23.01.2014 00:12:40.097,1.47466,1.47266,2.7600,1.2600
23.01.2014 00:12:41.409,1.47463,1.47263,2.8100,1.9900
23.01.2014 00:12:42.837,1.47465,1.47265,1.5100,1.7400
23.01.2014 00:12:44.304,1.47467,1.47267,1.7900,1.8200
23.01.2014 00:12:45.711,1.47464,1.47264,1.5800,2.8300
23.01.2014 00:12:47.228,1.47463,1.47263,2.0400,1.0800
23.01.2014 00:12:48.709,1.47460,1.47260,2.8100,1.0000
23.01.2014 00:12:50.131,1.47458,1.47258,1.8000,2.8900
23.01.2014 00:12:51.367,1.47458,1.47258,1.2500,2.0200
23.01.2014 00:12:52.842,1.47460,1.47260,2.9700,1.2800
23.01.2014 00:12:54.200,1.47461,1.47261,2.8500,2.6500
23.01.2014 00:12:55.478,1.47460,1.47260,1.7700,2.5300
23.01.2014 00:12:56.831,1.47460,1.47260,2.4700,1.2700
23.01.2014 00:12:58.245,1.47460,1.47260,1.5500,2.5100
23.01.2014 00:12:59.668,1.47460,1.47260,2.6100,2.1100
23.01.2014 00:13:01.071,1.47458,1.47258,1.5600,2.8700
23.01.2014 00:13:02.388,1.47460,1.47260,2.2100,1.7700
23.01.2014 00:13:03.778,1.47462,1.47262,2.1700,2.8500
23.01.2014 00:13:05.170,1.47460,1.47260,1.8700,2.3700
23.01.2014 00:13:06.555,1.47458,1.47258,2.3600,2.6000
23.01.2014 00:13:07.823,1.47459,1.47259,2.5900,1.5200
23.01.2014 00:13:09.146,1.47457,1.47257,2.0500,2.0300
23.01.2014 00:13:10.716,1.47457,1.47257,2.4200,2.5100
23.01.2014 00:13:12.180,1.47457,1.47257,1.2600,1.5700
23.01.2014 00:13:13.463,1.47454,1.47254,1.3600,2.4600
23.01.2014 00:13:14.905,1.47453,1.47253,2.6800,1.2400
23.01.2014 00:13:16.235,1.47452,1.47252,2.4300,2.2200
23.01.2014 00:13:17.602,1.47450,1.47250,1.0500,2.3400
23.01.2014 00:13:19.082,1.47450,1.47250,1.0900,2.1500
23.01.2014 00:13:20.663,1.47449,1.47249,1.4800,1.0500
23.01.2014 00:13:22.146,1.47449,1.47249,2.1300,2.9500
23.01.2014 00:13:23.662,1.47449,1.47249,1.0300,1.8400
23.01.2014 00:13:25.082,1.47450,1.47250,2.6800,1.4500
23.01.2014 00:13:26.518,1.47453,1.47253,1.7500,1.3600
23.01.2014 00:13:27.998,1.47452,1.47252,2.2600,2.5400
23.01.2014 00:13:29.437,1.47449,1.47249,2.9300,1.6300
23.01.2014 00:13:30.706,1.47450,1.47250,2.8700,1.7700
23.01.2014 00:13:32.060,1.47451,1.47251,1.0700,2.6000
23.01.2014 00:13:33.537,1.47453,1.47253,1.0200,1.1800
23.01.2014 00:13:34.958,1.47449,1.47249,1.1300,2.2700
23.01.2014 00:13:36.336,1.47451,1.47251,1.1100,1.0500
23.01.2014 00:13:37.724,1.47452,1.47252,1.4000,1.4200
23.01.2014 00:13:39.371,1.47452,1.47252,2.3500,1.4700
23.01.2014 00:13:40.792,1.47455,1.47255,2.2200,1.3100
23.01.2014 00:13:42.122,1.47455,1.47255,2.8100,1.0200
23.01.2014 00:13:43.419,1.47457,1.47257,2.0000,2.4500
23.01.2014 00:13:44.864,1.47456,1.47256,1.4700,1.4000
23.01.2014 00:13:46.209,1.47458,1.47258,1.2700,1.9800
23.01.2014 00:13:47.907,1.47453,1.47253,2.1000,2.4700
23.01.2014 00:13:49.466,1.47454,1.47254,2.0100,2.3700
23.01.2014 00:13:50.807,1.47455,1.47255,1.4300,1.1400
23.01.2014 00:13:52.123,1.47454,1.47254,2.7100,1.0600
23.01.2014 00:13:53.437,1.47455,1.47255,2.0100,1.4100
23.01.2014 00:13:54.784,1.47456,1.47256,2.0400,1.9800
23.01.2014 00:13:56.197,1.47457,1.47257,1.2600,2.7200
23.01.2014 00:13:57.610,1.47453,1.47253,2.9300,1.9800
23.01.2014 00:13:58.988,1.47455,1.47255,1.2500,1.1900
23.01.2014 00:14:00.449,1.47456,1.47256,2.0900,2.7000
23.01.2014 00:14:01.831,1.47456,1.47256,1.8300,2.1900
23.01.2014 00:14:03.210,1.47454,1.47254,2.1800,2.0900
23.01.2014 00:14:04.590,1.47455,1.47255,1.0000,1.4900
23.01.2014 00:14:05.902,1.47454,1.47254,2.7100,1.5800
23.01.2014 00:14:07.315,1.47453,1.47253,1.3100,2.5600
23.01.2014 00:14:08.654,1.47454,1.47254,2.6500,1.7100
23.01.2014 00:14:10.016,1.47452,1.47252,1.7900,1.0400
23.01.2014 00:14:11.274,1.47453,1.47253,2.1300,2.8300
23.01.2014 00:14:12.762,1.47451,1.47251,1.8900,1.5100
23.01.2014 00:14:14.140,1.47451,1.47251,1.1900,1.8600
23.01.2014 00:14:15.350,1.47451,1.47251,1.9300,2.1700
23.01.2014 00:14:16.606,1.47451,1.47251,2.4300,1.4400
23.01.2014 00:14:17.986,1.47448,1.47248,2.8300,1.6000
23.01.2014 00:14:19.303,1.47446,1.47246,2.7300,1.6700
23.01.2014 00:14:20.594,1.47447,1.47247,1.8300,1.8800
23.01.2014 00:14:22.047,1.47445,1.47245,1.4200,2.7700
23.01.2014 00:14:23.183,1.47445,1.47245,1.1500,2.3400
23.01.2014 00:14:24.484,1.47444,1.47244,1.6700,2.3700
23.01.2014 00:14:25.861,1.47444,1.47244,1.7600,2.6900
23.01.2014 00:14:27.215,1.47443,1.47243,2.5100,2.0900
23.01.2014 00:14:28.622,1.47442,1.47242,2.3500,1.1200
23.01.2014 00:14:30.184,1.47439,1.47239,2.3500,1.7900
23.01.2014 00:14:31.712,1.47438,1.47238,1.9400,2.7100
23.01.2014 00:14:33.290,1.47438,1.47238,1.3300,2.5700
23.01.2014 00:14:34.680,1.47438,1.47238,1.5500,2.4200
23.01.2014 00:14:36.064,1.47437,1.47237,2.4800,2.0200
23.01.2014 00:14:37.357,1.47436,1.47236,1.5700,1.6100
23.01.2014 00:14:38.739,1.47436,1.47236,1.1500,1.0400
23.01.2014 00:14:40.234,1.47435,1.47235,2.2100,2.0700
23.01.2014 00:14:41.358,1.47436,1.47236,2.6000,2.7800
23.01.2014 00:14:42.854,1.47436,1.47236,2.4200,2.7000
23.01.2014 00:14:44.293,1.47435,1.47235,1.3300,2.2400
23.01.2014 00:14:45.620,1.47435,1.47235,2.4300,2.4600
23.01.2014 00:14:47.008,1.47435,1.47235,1.3200,1.0500
23.01.2014 00:14:48.413,1.47439,1.47239,1.3900,2.4400
23.01.2014 00:14:49.806,1.47440,1.47240,1.4000,2.6800
23.01.2014 00:14:51.322,1.47437,1.47237,2.7900,1.6300
23.01.2014 00:14:52.564,1.47433,1.47233,1.6800,2.1500
23.01.2014 00:14:53.906,1.47434,1.47234,1.1000,2.9400
23.01.2014 00:14:55.284,1.47435,1.47235,2.1100,1.6400
23.01.2014 00:14:56.671,1.47435,1.47235,1.0100,2.7700
23.01.2014 00:14:57.978,1.47436,1.47236,2.2500,2.5600
23.01.2014 00:14:59.527,1.47434,1.47234,1.0200,2.8100
23.01.2014 00:15:00.852,1.47432,1.47232,1.2000,2.5600
23.01.2014 00:15:02.133,1.47431,1.47231,1.7200,1.0400
23.01.2014 00:15:03.450,1.47427,1.47227,1.2100,1.8500
23.01.2014 00:15:05.006,1.47427,1.47227,2.0900,2.7400
23.01.2014 00:15:06.615,1.47429,1.47229,1.1400,2.4300
23.01.2014 00:15:08.073,1.47428,1.47228,1.4700,1.9500
23.01.2014 00:15:09.548,1.47428,1.47228,2.0500,1.4700
23.01.2014 00:15:10.900,1.47427,1.47227,1.6900,1.2900
23.01.2014 00:15:12.364,1.47426,1.47226,2.2500,1.9600
23.01.2014 00:15:13.707,1.47430,1.47230,1.3900,1.0600
23.01.2014 00:15:15.117,1.47429,1.47229,1.8900,1.8000
23.01.2014 00:15:16.623,1.47429,1.47229,2.2700,2.4500
23.01.2014 00:15:18.056,1.47426,1.47226,1.5900,1.5600
23.01.2014 00:15:19.623,1.47427,1.47227,1.4800,1.7900
23.01.2014 00:15:20.919,1.47428,1.47228,1.3700,2.7200
23.01.2014 00:15:22.444,1.47427,1.47227,2.4900,1.4100
23.01.2014 00:15:23.803,1.47427,1.47227,2.4800,1.6100
23.01.2014 00:15:25.306,1.47426,1.47226,1.9300,1.4200
23.01.2014 00:15:26.740,1.47425,1.47225,1.7200,2.6300
23.01.2014 00:15:28.121,1.47424,1.47224,2.5700,2.6700
23.01.2014 00:15:29.557,1.47424,1.47224,1.7900,2.4000
23.01.2014 00:15:31.010,1.47424,1.47224,1.6200,1.4700
23.01.2014 00:15:32.353,1.47423,1.47223,1.7400,1.5800
23.01.2014 00:15:33.809,1.47423,1.47223,1.6800,1.6700
23.01.2014 00:15:35.169,1.47419,1.47219,2.4200,1.2900
23.01.2014 00:15:36.605,1.47419,1.47219,2.4300,2.5200
23.01.2014 00:15:37.973,1.47422,1.47222,2.7000,1.0400
23.01.2014 00:15:39.323,1.47425,1.47225,2.5200,2.3300
23.01.2014 00:15:40.645,1.47426,1.47226,2.7700,1.1600
23.01.2014 00:15:42.153,1.47424,1.47224,2.9300,1.7600
23.01.2014 00:15:43.614,1.47424,1.47224,1.2400,1.6900
23.01.2014 00:15:45.113,1.47424,1.47224,1.8800,1.8300
23.01.2014 00:15:46.507,1.47424,1.47224,2.9800,2.1600
23.01.2014 00:15:47.991,1.47424,1.47224,1.2700,1.8600
23.01.2014 00:15:49.419,1.47425,1.47225,1.1300,1.0700
23.01.2014 00:15:50.924,1.47424,1.47224,2.5400,1.5200
23.01.2014 00:15:52.369,1.47422,1.47222,1.7600,2.7300
23.01.2014 00:15:53.735,1.47420,1.47220,2.2200,2.4200
23.01.2014 00:15:55.358,1.47418,1.47218,2.8600,2.8200
23.01.2014 00:15:56.820,1.47420,1.47220,2.2900,2.1800
23.01.2014 00:15:58.267,1.47421,1.47221,1.4600,2.2900
23.01.2014 00:15:59.706,1.47422,1.47222,2.0500,1.0600
23.01.2014 00:16:01.223,1.47423,1.47223,2.8500,1.6600
23.01.2014 00:16:02.766,1.47422,1.47222,2.0700,1.1900
23.01.2014 00:16:04.186,1.47423,1.47223,1.7300,1.1600
23.01.2014 00:16:05.545,1.47423,1.47223,3.0000,1.2800
23.01.2014 00:16:07.028,1.47419,1.47219,1.7800,1.7900
23.01.2014 00:16:08.447,1.47419,1.47219,2.1300,2.7300
23.01.2014 00:16:09.833,1.47421,1.47221,1.3800,1.1100
23.01.2014 00:16:11.366,1.47424,1.47224,2.2600,2.3700
23.01.2014 00:16:12.733,1.47428,1.47228,1.0700,1.6700
23.01.2014 00:16:14.258,1.47429,1.47229,2.5800,1.4900
23.01.2014 00:16:15.671,1.47431,1.47231,2.9200,2.3400
23.01.2014 00:16:17.137,1.47430,1.47230,2.3000,2.9000
23.01.2014 00:16:18.700,1.47433,1.47233,2.2800,1.4100
23.01.2014 00:16:19.897,1.47433,1.47233,1.0500,2.6700
23.01.2014 00:16:21.208,1.47433,1.47233,2.9400,1.5800
23.01.2014 00:16:22.463,1.47433,1.47233,2.7600,1.0200
23.01.2014 00:16:23.847,1.47434,1.47234,2.7400,2.2000
23.01.2014 00:16:25.311,1.47433,1.47233,2.7900,2.4300
23.01.2014 00:16:26.686,1.47434,1.47234,2.8300,1.1400
23.01.2014 00:16:28.040,1.47433,1.47233,1.6500,2.2400
23.01.2014 00:16:29.659,1.47431,1.47231,2.9600,1.3000
23.01.2014 00:16:31.067,1.47428,1.47228,1.1000,2.5800
23.01.2014 00:16:32.333,1.47430,1.47230,2.3100,2.8200
23.01.2014 00:16:33.810,1.47432,1.47232,2.6100,1.0700
23.01.2014 00:16:35.263,1.47433,1.47233,1.0700,2.0500
23.01.2014 00:16:36.582,1.47431,1.47231,2.6400,2.4300
23.01.2014 00:16:38.014,1.47431,1.47231,1.2700,2.9200
23.01.2014 00:16:39.421,1.47429,1.47229,1.4200,1.7300
23.01.2014 00:16:40.757,1.47431,1.47231,1.8000,1.4200
23.01.2014 00:16:42.071,1.47430,1.47230,2.8500,2.8000
23.01.2014 00:16:43.534,1.47431,1.47231,1.9900,2.8000
23.01.2014 00:16:45.050,1.47432,1.47232,1.3600,2.2300
23.01.2014 00:16:46.374,1.47433,1.47233,1.2700,1.7300
23.01.2014 00:16:47.684,1.47434,1.47234,2.4100,2.4700
23.01.2014 00:16:49.092,1.47434,1.47234,1.5300,2.6500
23.01.2014 00:16:50.520,1.47436,1.47236,2.8500,2.4100
23.01.2014 00:16:51.836,1.47438,1.47238,1.8900,2.6400
23.01.2014 00:16:53.295,1.47436,1.47236,2.3500,1.6000
23.01.2014 00:16:54.596,1.47434,1.47234,2.5500,1.3900
23.01.2014 00:16:55.952,1.47432,1.47232,1.1300,2.5600
23.01.2014 00:16:57.368,1.47433,1.47233,2.0600,1.6500
23.01.2014 00:16:58.601,1.47434,1.47234,2.0300,2.7200
23.01.2014 00:16:59.750,1.47432,1.47232,2.8900,2.7700
23.01.2014 00:17:01.228,1.47431,1.47231,1.5200,2.8000
23.01.2014 00:17:02.634,1.47433,1.47233,1.2700,1.2500
23.01.2014 00:17:04.122,1.47434,1.47234,1.1000,2.0700
23.01.2014 00:17:05.534,1.47435,1.47235,1.9400,2.3300
23.01.2014 00:17:06.959,1.47436,1.47236,1.0200,1.5300
23.01.2014 00:17:08.255,1.47438,1.47238,1.7500,1.4600
23.01.2014 00:17:09.669,1.47439,1.47239,1.5400,1.8700
23.01.2014 00:17:11.008,1.47440,1.47240,1.0200,1.5000
23.01.2014 00:17:12.422,1.47438,1.47238,1.3000,2.5400
23.01.2014 00:17:13.832,1.47437,1.47237,2.1600,2.9600
23.01.2014 00:17:15.398,1.47435,1.47235,2.6700,1.7600
23.01.2014 00:17:16.779,1.47433,1.47233,2.7200,1.8100
23.01.2014 00:17:18.182,1.47432,1.47232,2.6900,2.2700
23.01.2014 00:17:19.514,1.47433,1.47233,2.1900,2.6600
23.01.2014 00:17:20.958,1.47433,1.47233,1.4400,1.4300
23.01.2014 00:17:22.297,1.47432,1.47232,1.8500,1.3800
23.01.2014 00:17:23.653,1.47433,1.47233,2.3300,1.7500
23.01.2014 00:17:25.165,1.47435,1.47235,2.2900,2.0700
23.01.2014 00:17:26.523,1.47435,1.47235,1.0700,1.7600
23.01.2014 00:17:27.973,1.47435,1.47235,1.8300,1.0600
23.01.2014 00:17:29.226,1.47437,1.47237,1.4300,2.3600
23.01.2014 00:17:30.454,1.47437,1.47237,1.9900,2.0700
23.01.2014 00:17:31.708,1.47438,1.47238,2.0400,1.7800
23.01.2014 00:17:33.271,1.47440,1.47240,2.7200,2.7600
23.01.2014 00:17:34.596,1.47438,1.47238,2.6500,2.1500
23.01.2014 00:17:35.987,1.47439,1.47239,2.5400,1.5600
23.01.2014 00:17:37.503,1.47439,1.47239,2.9200,1.6700
23.01.2014 00:17:38.797,1.47439,1.47239,1.6500,2.0000
23.01.2014 00:17:40.380,1.47442,1.47242,2.1700,1.1700
23.01.2014 00:17:41.668,1.47442,1.47242,2.1100,2.6700
23.01.2014 00:17:42.999,1.47443,1.47243,2.2800,2.5700
23.01.2014 00:17:44.452,1.47443,1.47243,2.3000,1.8600
23.01.2014 00:17:45.862,1.47441,1.47241,1.5800,1.9400
23.01.2014 00:17:47.348,1.47441,1.47241,1.2900,1.4000
23.01.2014 00:17:48.893,1.47439,1.47239,2.2000,2.3200
23.01.2014 00:17:50.191,1.47438,1.47238,1.5300,2.3100
23.01.2014 00:17:51.469,1.47437,1.47237,1.0600,2.9200
23.01.2014 00:17:52.902,1.47434,1.47234,2.6700,2.7500
23.01.2014 00:17:54.387,1.47434,1.47234,2.9900,1.1200
23.01.2014 00:17:55.895,1.47436,1.47236,2.3200,2.8100
23.01.2014 00:17:57.334,1.47436,1.47236,1.3800,2.0500
23.01.2014 00:17:58.805,1.47435,1.47235,1.7800,1.7600
23.01.2014 00:18:00.223,1.47434,1.47234,1.8900,2.1800
23.01.2014 00:18:01.559,1.47433,1.47233,1.9100,2.5700
23.01.2014 00:18:03.110,1.47434,1.47234,2.5900,2.1400
23.01.2014 00:18:04.300,1.47433,1.47233,2.6500,2.4700
23.01.2014 00:18:05.603,1.47433,1.47233,2.1500,2.3600
23.01.2014 00:18:06.985,1.47433,1.47233,1.5900,2.5100
23.01.2014 00:18:08.424,1.47431,1.47231,1.2100,2.5800
23.01.2014 00:18:09.749,1.47431,1.47231,2.5400,1.9900
23.01.2014 00:18:11.027,1.47429,1.47229,2.1800,1.9700
23.01.2014 00:18:12.447,1.47428,1.47228,2.6500,2.8800
23.01.2014 00:18:13.747,1.47429,1.47229,2.0800,1.0200
23.01.2014 00:18:15.132,1.47430,1.47230,1.6500,1.7600
23.01.2014 00:18:16.582,1.47429,1.47229,1.4400,1.1600
23.01.2014 00:18:17.883,1.47429,1.47229,2.1700,2.4500
23.01.2014 00:18:19.312,1.47429,1.47229,1.5700,1.9800
23.01.2014 00:18:20.921,1.47432,1.47232,2.9300,2.1700
23.01.2014 00:18:22.506,1.47434,1.47234,2.2100,2.1800
23.01.2014 00:18:23.919,1.47431,1.47231,2.5200,2.3900
23.01.2014 00:18:25.184,1.47431,1.47231,2.4400,1.3600
23.01.2014 00:18:26.562,1.47427,1.47227,1.2100,1.0300
23.01.2014 00:18:27.995,1.47427,1.47227,2.3300,1.0500
23.01.2014 00:18:29.623,1.47427,1.47227,1.3600,2.6700
23.01.2014 00:18:31.093,1.47429,1.47229,2.1900,1.9400
23.01.2014 00:18:32.559,1.47430,1.47230,1.3100,2.7400
23.01.2014 00:18:34.000,1.47432,1.47232,1.7500,2.4400
23.01.2014 00:18:35.387,1.47431,1.47231,2.4900,1.6600
23.01.2014 00:18:36.902,1.47431,1.47231,2.3600,2.4300
23.01.2014 00:18:38.335,1.47434,1.47234,2.7300,2.0300
23.01.2014 00:18:39.807,1.47437,1.47237,1.1500,1.3300
23.01.2014 00:18:41.415,1.47438,1.47238,2.6100,1.7900
23.01.2014 00:18:42.690,1.47436,1.47236,2.3900,2.8600
23.01.2014 00:18:43.987,1.47434,1.47234,1.8700,1.1100
23.01.2014 00:18:45.352,1.47436,1.47236,2.0800,2.8500
23.01.2014 00:18:46.838,1.47437,1.47237,2.7000,1.3100
23.01.2014 00:18:48.201,1.47436,1.47236,2.5400,1.2500
23.01.2014 00:18:49.520,1.47435,1.47235,1.4600,2.7500
23.01.2014 00:18:50.832,1.47435,1.47235,2.2700,1.1400
23.01.2014 00:18:52.409,1.47435,1.47235,1.4500,1.3900
23.01.2014 00:18:53.667,1.47435,1.47235,2.8600,1.6700
23.01.2014 00:18:54.943,1.47436,1.47236,1.9000,2.3300
23.01.2014 00:18:56.413,1.47438,1.47238,2.8600,2.4300
23.01.2014 00:18:58.120,1.47436,1.47236,1.6900,1.3500
23.01.2014 00:18:59.595,1.47437,1.47237,2.9200,1.5000
23.01.2014 00:19:00.847,1.47436,1.47236,1.7500,2.4700
23.01.2014 00:19:02.293,1.47440,1.47240,2.6000,1.6200
23.01.2014 00:19:03.632,1.47440,1.47240,2.4100,1.9800
23.01.2014 00:19:05.111,1.47440,1.47240,1.7600,2.4700
23.01.2014 00:19:06.551,1.47441,1.47241,1.8600,2.8100
23.01.2014 00:19:07.978,1.47442,1.47242,1.6500,2.8500
23.01.2014 00:19:09.270,1.47443,1.47243,2.0500,1.4300
23.01.2014 00:19:10.714,1.47441,1.47241,1.3800,2.2000
23.01.2014 00:19:12.172,1.47440,1.47240,1.7900,1.6900
23.01.2014 00:19:13.515,1.47441,1.47241,1.3700,2.5100
23.01.2014 00:19:14.953,1.47440,1.47240,1.0400,1.0600
23.01.2014 00:19:16.453,1.47440,1.47240,1.9200,1.4200
23.01.2014 00:19:17.936,1.47438,1.47238,2.0200,1.9100
23.01.2014 00:19:19.319,1.47436,1.47236,1.2400,1.6100
23.01.2014 00:19:20.724,1.47437,1.47237,2.8700,2.1800
23.01.2014 00:19:22.218,1.47436,1.47236,1.1300,1.0900
23.01.2014 00:19:23.655,1.47436,1.47236,2.9300,1.4700
23.01.2014 00:19:24.961,1.47437,1.47237,1.5000,1.1700
23.01.2014 00:19:26.386,1.47436,1.47236,2.6900,2.4200
23.01.2014 00:19:27.839,1.47433,1.47233,2.4200,1.2000
23.01.2014 00:19:29.180,1.47436,1.47236,2.4200,1.1200
23.01.2014 00:19:30.661,1.47435,1.47235,2.8500,2.6400
23.01.2014 00:19:31.935,1.47434,1.47234,1.1900,2.7100
23.01.2014 00:19:33.193,1.47434,1.47234,1.0700,2.9700
23.01.2014 00:19:34.558,1.47431,1.47231,1.7400,1.7300
23.01.2014 00:19:35.924,1.47431,1.47231,2.4100,2.8800
23.01.2014 00:19:37.396,1.47432,1.47232,2.0000,1.2800
23.01.2014 00:19:38.676,1.47436,1.47236,1.1200,1.9400
23.01.2014 00:19:40.104,1.47437,1.47237,1.8000,2.0800
23.01.2014 00:19:41.510,1.47435,1.47235,1.8400,1.5300
23.01.2014 00:19:42.762,1.47433,1.47233,2.0700,1.8400
23.01.2014 00:19:44.053,1.47433,1.47233,2.0700,1.4800
23.01.2014 00:19:45.377,1.47431,1.47231,2.8800,1.0900
23.01.2014 00:19:46.856,1.47431,1.47231,2.5200,1.6800
23.01.2014 00:19:48.345,1.47431,1.47231,1.4000,1.1600
23.01.2014 00:19:49.752,1.47429,1.47229,1.4700,1.2200
23.01.2014 00:19:51.264,1.47429,1.47229,2.7000,2.8400
23.01.2014 00:19:52.729,1.47430,1.47230,1.8400,1.2300
23.01.2014 00:19:53.981,1.47429,1.47229,2.2700,1.6900
23.01.2014 00:19:55.330,1.47428,1.47228,1.0100,1.1000
23.01.2014 00:19:56.615,1.47429,1.47229,1.5600,2.9000
23.01.2014 00:19:58.077,1.47431,1.47231,3.0000,1.5600
23.01.2014 00:19:59.490,1.47430,1.47230,1.4600,1.3600
23.01.2014 00:20:00.664,1.47433,1.47233,2.9400,2.8500
23.01.2014 00:20:02.151,1.47430,1.47230,1.5200,1.3600
23.01.2014 00:20:03.678,1.47429,1.47229,2.6800,2.2900
23.01.2014 00:20:05.049,1.47429,1.47229,1.5200,2.4600
23.01.2014 00:20:06.406,1.47428,1.47228,2.8100,1.3400
23.01.2014 00:20:07.737,1.47426,1.47226,2.5600,2.8400
23.01.2014 00:20:09.242,1.47425,1.47225,2.2000,1.1500
23.01.2014 00:20:10.662,1.47427,1.47227,2.1800,1.4600
23.01.2014 00:20:12.167,1.47426,1.47226,2.1600,1.4300
23.01.2014 00:20:13.516,1.47425,1.47225,2.0800,1.5800
23.01.2014 00:20:14.930,1.47423,1.47223,2.1500,2.0600
23.01.2014 00:20:16.644,1.47423,1.47223,2.8600,1.0700
23.01.2014 00:20:18.069,1.47425,1.47225,1.4100,2.5500
23.01.2014 00:20:19.486,1.47423,1.47223,1.3700,1.3300
23.01.2014 00:20:20.831,1.47422,1.47222,1.4700,2.6400
23.01.2014 00:20:22.155,1.47422,1.47222,1.7400,1.2100
23.01.2014 00:20:23.499,1.47423,1.47223,2.8000,2.8900
23.01.2014 00:20:25.101,1.47423,1.47223,1.1100,2.1700
23.01.2014 00:20:26.496,1.47424,1.47224,1.5400,1.5600
23.01.2014 00:20:27.901,1.47425,1.47225,2.5100,2.2400
23.01.2014 00:20:29.352,1.47425,1.47225,1.2300,2.0800
23.01.2014 00:20:30.800,1.47427,1.47227,1.2600,2.9700
23.01.2014 00:20:32.337,1.47429,1.47229,2.1300,2.8300
23.01.2014 00:20:33.686,1.47429,1.47229,1.1600,1.6400
23.01.2014 00:20:35.013,1.47430,1.47230,2.8400,1.8000
23.01.2014 00:20:36.424,1.47430,1.47230,2.2800,2.1500
23.01.2014 00:20:37.941,1.47431,1.47231,2.0400,1.5100
23.01.2014 00:20:39.261,1.47432,1.47232,1.9100,1.8600
23.01.2014 00:20:40.631,1.47433,1.47233,1.1200,1.5500
23.01.2014 00:20:42.011,1.47430,1.47230,2.7400,1.5300
23.01.2014 00:20:43.514,1.47431,1.47231,1.7600,2.6100
23.01.2014 00:20:44.960,1.47430,1.47230,1.1300,1.2800
23.01.2014 00:20:46.406,1.47432,1.47232,1.7700,1.4500
23.01.2014 00:20:47.810,1.47435,1.47235,1.1500,1.7000
23.01.2014 00:20:49.326,1.47436,1.47236,1.4000,1.7600
23.01.2014 00:20:50.659,1.47436,1.47236,1.7100,1.2300
23.01.2014 00:20:51.863,1.47438,1.47238,2.4700,2.5900
23.01.2014 00:20:53.149,1.47437,1.47237,2.6600,2.9100
23.01.2014 00:20:54.675,1.47436,1.47236,2.3800,1.3900
23.01.2014 00:20:56.187,1.47437,1.47237,2.8400,1.2100
23.01.2014 00:20:57.543,1.47439,1.47239,2.3000,1.0400
23.01.2014 00:20:58.922,1.47436,1.47236,2.5500,1.3200
23.01.2014 00:21:00.286,1.47439,1.47239,2.4900,2.7200
23.01.2014 00:21:01.614,1.47439,1.47239,1.1700,1.1600
23.01.2014 00:21:02.818,1.47439,1.47239,2.1600,1.9600
23.01.2014 00:21:04.435,1.47439,1.47239,1.3600,1.0100
23.01.2014 00:21:05.994,1.47437,1.47237,1.3500,2.3300
23.01.2014 00:21:07.279,1.47434,1.47234,2.6900,2.4300
23.01.2014 00:21:08.907,1.47433,1.47233,2.3100,1.7700
23.01.2014 00:21:10.335,1.47430,1.47230,2.1000,2.4800
23.01.2014 00:21:11.661,1.47428,1.47228,1.2900,1.7500
23.01.2014 00:21:13.122,1.47426,1.47226,1.3400,1.2900
23.01.2014 00:21:14.431,1.47428,1.47228,2.5900,2.6100
23.01.2014 00:21:15.877,1.47427,1.47227,2.1700,1.6100
23.01.2014 00:21:17.041,1.47426,1.47226,2.4200,1.9700
23.01.2014 00:21:18.562,1.47422,1.47222,2.6700,1.9500
23.01.2014 00:21:19.889,1.47423,1.47223,1.7900,2.6400
23.01.2014 00:21:21.396,1.47422,1.47222,2.9800,1.9200
23.01.2014 00:21:22.707,1.47421,1.47221,2.6300,2.7100
23.01.2014 00:21:24.052,1.47422,1.47222,1.1400,1.4600
23.01.2014 00:21:25.507,1.47421,1.47221,1.0200,2.1000
23.01.2014 00:21:26.908,1.47421,1.47221,2.7300,2.5800
23.01.2014 00:21:28.231,1.47421,1.47221,1.2200,1.1300
23.01.2014 00:21:29.677,1.47419,1.47219,1.2600,3.0000
23.01.2014 00:21:31.023,1.47421,1.47221,2.4600,2.5400
23.01.2014 00:21:32.334,1.47420,1.47220,2.2400,2.9200
23.01.2014 00:21:33.678,1.47421,1.47221,1.8000,1.9000
23.01.2014 00:21:35.261,1.47420,1.47220,2.8700,2.6000
23.01.2014 00:21:36.896,1.47420,1.47220,1.5800,2.0600
23.01.2014 00:21:38.534,1.47418,1.47218,2.7600,1.0300
23.01.2014 00:21:39.837,1.47418,1.47218,1.6100,1.0200
23.01.2014 00:21:41.281,1.47416,1.47216,2.8800,1.7500
23.01.2014 00:21:42.689,1.47417,1.47217,2.4200,1.1300
23.01.2014 00:21:44.177,1.47417,1.47217,2.7900,2.9200
23.01.2014 00:21:45.585,1.47417,1.47217,2.5500,2.4100
23.01.2014 00:21:47.114,1.47416,1.47216,2.3600,2.1300
23.01.2014 00:21:48.362,1.47414,1.47214,1.9600,2.8400
23.01.2014 00:21:49.670,1.47415,1.47215,2.4300,1.6600
23.01.2014 00:21:50.900,1.47417,1.47217,1.4600,1.4100
23.01.2014 00:21:52.334,1.47419,1.47219,1.7400,2.4700
23.01.2014 00:21:53.752,1.47415,1.47215,1.7500,2.8500
23.01.2014 00:21:55.143,1.47419,1.47219,2.1100,2.9100
23.01.2014 00:21:56.655,1.47415,1.47215,1.4000,1.1600
23.01.2014 00:21:58.066,1.47413,1.47213,2.8300,1.4900
23.01.2014 00:21:59.721,1.47414,1.47214,2.7900,2.2100
23.01.2014 00:22:01.048,1.47415,1.47215,2.0200,1.2800
23.01.2014 00:22:02.459,1.47417,1.47217,1.8600,1.5800
23.01.2014 00:22:04.009,1.47415,1.47215,1.8500,1.8100
23.01.2014 00:22:05.367,1.47416,1.47216,2.0800,1.9900
23.01.2014 00:22:06.805,1.47416,1.47216,1.1900,2.4600
23.01.2014 00:22:08.245,1.47417,1.47217,1.2900,1.2300
23.01.2014 00:22:09.517,1.47419,1.47219,1.9100,2.7700
23.01.2014 00:22:11.013,1.47421,1.47221,2.8600,1.7500
23.01.2014 00:22:12.268,1.47420,1.47220,2.1700,1.2400
23.01.2014 00:22:13.733,1.47415,1.47215,1.6900,1.7100
23.01.2014 00:22:15.145,1.47413,1.47213,2.5100,1.5600
23.01.2014 00:22:16.482,1.47413,1.47213,1.4200,1.4500
23.01.2014 00:22:18.050,1.47411,1.47211,2.6800,1.9700
23.01.2014 00:22:19.609,1.47413,1.47213,2.0500,2.7400
23.01.2014 00:22:20.823,1.47414,1.47214,1.2000,1.4000
23.01.2014 00:22:22.154,1.47416,1.47216,2.1400,1.8800
23.01.2014 00:22:23.560,1.47414,1.47214,1.1600,2.8300
23.01.2014 00:22:24.816,1.47414,1.47214,1.6300,1.4500
23.01.2014 00:22:26.135,1.47415,1.47215,2.0000,1.6100
23.01.2014 00:22:27.478,1.47413,1.47213,2.8800,2.7500
23.01.2014 00:22:28.937,1.47413,1.47213,2.8300,1.1500
23.01.2014 00:22:30.435,1.47415,1.47215,1.8000,1.0600
23.01.2014 00:22:31.860,1.47415,1.47215,2.9200,2.6800
23.01.2014 00:22:33.350,1.47415,1.47215,2.7900,1.8900
23.01.2014 00:22:34.715,1.47414,1.47214,1.6600,1.3100
23.01.2014 00:22:36.071,1.47416,1.47216,1.0600,2.3000
23.01.2014 00:22:37.469,1.47418,1.47218,2.0700,1.6200
23.01.2014 00:22:39.056,1.47419,1.47219,1.9100,1.1700
23.01.2014 00:22:40.526,1.47421,1.47221,1.2700,2.2200
23.01.2014 00:22:41.922,1.47421,1.47221,2.6800,2.7700
23.01.2014 00:22:43.411,1.47421,1.47221,1.5700,2.3100
23.01.2014 00:22:44.884,1.47419,1.47219,1.9500,2.2000
23.01.2014 00:22:46.230,1.47416,1.47216,2.3800,2.1900
23.01.2014 00:22:47.597,1.47418,1.47218,2.2100,2.3800
23.01.2014 00:22:48.955,1.47420,1.47220,2.4200,2.9900
23.01.2014 00:22:50.267,1.47421,1.47221,2.4800,2.4100
23.01.2014 00:22:51.688,1.47420,1.47220,1.0600,2.1300
23.01.2014 00:22:52.990,1.47421,1.47221,1.3000,1.1000
23.01.2014 00:22:54.250,1.47419,1.47219,1.5100,2.2000
23.01.2014 00:22:55.669,1.47419,1.47219,2.0500,1.8800
23.01.2014 00:22:57.053,1.47420,1.47220,1.7300,2.0400
23.01.2014 00:22:58.389,1.47418,1.47218,2.5000,1.5100
23.01.2014 00:22:59.838,1.47417,1.47217,1.0400,1.6600
23.01.2014 00:23:01.225,1.47419,1.47219,2.8700,1.4900
23.01.2014 00:23:02.569,1.47421,1.47221,1.5900,2.8900
23.01.2014 00:23:03.913,1.47423,1.47223,1.2000,1.1300
23.01.2014 00:23:05.383,1.47425,1.47225,1.0500,1.9800
23.01.2014 00:23:06.859,1.47425,1.47225,1.1800,2.7400
23.01.2014 00:23:08.256,1.47422,1.47222,2.8500,1.9200
23.01.2014 00:23:09.573,1.47420,1.47220,2.6300,2.9800
23.01.2014 00:23:11.066,1.47420,1.47220,1.6700,2.3400
23.01.2014 00:23:12.374,1.47417,1.47217,1.4300,1.6200
23.01.2014 00:23:13.702,1.47416,1.47216,1.2400,2.0300
23.01.2014 00:23:15.205,1.47418,1.47218,1.6600,2.6900
23.01.2014 00:23:16.593,1.47418,1.47218,1.3700,2.8800
23.01.2014 00:23:17.902,1.47417,1.47217,1.3000,1.1700
23.01.2014 00:23:19.226,1.47417,1.47217,2.3400,1.8100
23.01.2014 00:23:20.682,1.47417,1.47217,2.4100,1.4500
23.01.2014 00:23:22.247,1.47418,1.47218,2.9400,2.7000
23.01.2014 00:23:23.707,1.47416,1.47216,2.1100,2.2000
23.01.2014 00:23:25.232,1.47416,1.47216,2.1200,1.8600
23.01.2014 00:23:26.564,1.47418,1.47218,2.2500,1.2500
23.01.2014 00:23:27.832,1.47418,1.47218,2.7300,1.9500
23.01.2014 00:23:29.283,1.47420,1.47220,2.9300,2.8200
23.01.2014 00:23:30.564,1.47420,1.47220,2.4600,1.2800
23.01.2014 00:23:31.894,1.47420,1.47220,2.8100,1.0300
23.01.2014 00:23:33.478,1.47420,1.47220,2.9000,2.1000
23.01.2014 00:23:34.900,1.47421,1.47221,2.0800,1.1100
23.01.2014 00:23:36.248,1.47421,1.47221,2.2400,1.8300
23.01.2014 00:23:37.554,1.47419,1.47219,1.4000,1.0600
23.01.2014 00:23:38.902,1.47418,1.47218,1.5700,1.6500
23.01.2014 00:23:40.311,1.47421,1.47221,2.4400,1.5600
23.01.2014 00:23:41.813,1.47425,1.47225,2.0900,2.4000
23.01.2014 00:23:43.216,1.47425,1.47225,1.8600,1.1700
23.01.2014 00:23:44.511,1.47423,1.47223,1.1900,1.9900
23.01.2014 00:23:46.108,1.47422,1.47222,2.1000,1.1300
23.01.2014 00:23:47.441,1.47422,1.47222,2.3100,2.4600
23.01.2014 00:23:48.890,1.47422,1.47222,1.5200,2.3500
23.01.2014 00:23:50.352,1.47421,1.47221,2.4400,1.9800
23.01.2014 00:23:51.781,1.47420,1.47220,1.1400,1.1800
23.01.2014 00:23:53.107,1.47421,1.47221,2.9300,2.4900
23.01.2014 00:23:54.582,1.47422,1.47222,2.1100,2.0800
23.01.2014 00:23:55.926,1.47421,1.47221,1.9300,2.3700
23.01.2014 00:23:57.345,1.47419,1.47219,1.9200,2.4900
23.01.2014 00:23:58.727,1.47417,1.47217,1.3500,1.7600
23.01.2014 00:24:00.083,1.47418,1.47218,1.6600,2.2200
23.01.2014 00:24:01.484,1.47417,1.47217,2.3000,1.3700
23.01.2014 00:24:02.848,1.47415,1.47215,1.4500,2.1400
23.01.2014 00:24:04.198,1.47415,1.47215,1.3200,2.0500
23.01.2014 00:24:05.626,1.47414,1.47214,1.8500,2.7100
23.01.2014 00:24:07.056,1.47415,1.47215,2.9100,2.0200
23.01.2014 00:24:08.521,1.47414,1.47214,2.1500,2.0700
23.01.2014 00:24:09.892,1.47412,1.47212,1.8300,1.8100
23.01.2014 00:24:11.231,1.47411,1.47211,1.3900,2.8800
23.01.2014 00:24:12.653,1.47409,1.47209,2.8700,1.6000
23.01.2014 00:24:14.083,1.47408,1.47208,1.4500,1.7500
23.01.2014 00:24:15.517,1.47408,1.47208,2.2700,1.4500
23.01.2014 00:24:16.891,1.47407,1.47207,2.2800,1.8600
23.01.2014 00:24:18.427,1.47405,1.47205,1.8600,2.0800
23.01.2014 00:24:19.713,1.47403,1.47203,2.2000,1.0800
23.01.2014 00:24:20.951,1.47402,1.47202,1.4700,2.3600
23.01.2014 00:24:22.444,1.47403,1.47203,2.3100,3.0000
23.01.2014 00:24:23.737,1.47403,1.47203,2.1000,2.2700
23.01.2014 00:24:25.069,1.47404,1.47204,1.9800,1.6800
23.01.2014 00:24:26.492,1.47405,1.47205,2.8100,1.1900
23.01.2014 00:24:27.825,1.47405,1.47205,1.0500,2.1900
23.01.2014 00:24:29.243,1.47406,1.47206,2.1800,2.1200
23.01.2014 00:24:30.756,1.47404,1.47204,1.1600,1.4400
23.01.2014 00:24:31.892,1.47404,1.47204,1.2400,2.7000
23.01.2014 00:24:33.202,1.47405,1.47205,1.7700,1.0500
23.01.2014 00:24:34.540,1.47404,1.47204,2.6400,2.5100
23.01.2014 00:24:35.948,1.47404,1.47204,2.3900,2.6200
23.01.2014 00:24:37.432,1.47408,1.47208,1.6700,1.1100
23.01.2014 00:24:38.734,1.47412,1.47212,2.8800,1.7700
23.01.2014 00:24:40.224,1.47413,1.47213,2.3700,2.1000
23.01.2014 00:24:41.582,1.47413,1.47213,1.5100,1.3500
23.01.2014 00:24:42.881,1.47411,1.47211,1.1400,2.5300
23.01.2014 00:24:44.437,1.47407,1.47207,2.9500,2.3600
23.01.2014 00:24:45.716,1.47407,1.47207,2.1200,2.5000
23.01.2014 00:24:46.875,1.47408,1.47208,1.2400,2.4200
23.01.2014 00:24:48.251,1.47411,1.47211,2.9500,2.0700
23.01.2014 00:24:49.718,1.47410,1.47210,2.7000,1.7400
23.01.2014 00:24:51.208,1.47409,1.47209,2.4800,2.8400
23.01.2014 00:24:52.853,1.47409,1.47209,2.2600,2.0400
23.01.2014 00:24:54.350,1.47409,1.47209,2.2800,2.3500
23.01.2014 00:24:55.787,1.47407,1.47207,1.4900,1.1700
23.01.2014 00:24:57.192,1.47405,1.47205,2.4900,2.7400
23.01.2014 00:24:58.595,1.47404,1.47204,2.6200,1.6100
23.01.2014 00:24:59.929,1.47405,1.47205,1.2900,2.2000
23.01.2014 00:25:01.240,1.47407,1.47207,1.1700,1.0400
23.01.2014 00:25:02.635,1.47408,1.47208,2.0900,1.7700
23.01.2014 00:25:04.013,1.47408,1.47208,2.5100,2.8900
23.01.2014 00:25:05.317,1.47408,1.47208,2.4500,2.3500
23.01.2014 00:25:06.653,1.47409,1.47209,1.5800,2.9200
23.01.2014 00:25:07.978,1.47407,1.47207,1.2600,2.6300
23.01.2014 00:25:09.354,1.47404,1.47204,1.1300,1.2500
23.01.2014 00:25:10.871,1.47402,1.47202,1.5800,1.9600
23.01.2014 00:25:12.268,1.47401,1.47201,1.8500,1.8200
23.01.2014 00:25:13.622,1.47401,1.47201,1.0500,1.7600
23.01.2014 00:25:15.185,1.47403,1.47203,2.9100,2.0000
23.01.2014 00:25:16.708,1.47401,1.47201,2.4200,2.5600
23.01.2014 00:25:18.181,1.47401,1.47201,1.6500,1.7200
23.01.2014 00:25:19.420,1.47402,1.47202,2.4500,1.9300
23.01.2014 00:25:20.756,1.47401,1.47201,1.1700,2.8300
23.01.2014 00:25:22.347,1.47403,1.47203,2.1100,1.0400
23.01.2014 00:25:23.688,1.47402,1.47202,1.4000,1.8000
23.01.2014 00:25:25.059,1.47402,1.47202,2.7100,1.4600
23.01.2014 00:25:26.390,1.47402,1.47202,1.2200,2.1400
23.01.2014 00:25:27.879,1.47404,1.47204,1.5600,1.2600
23.01.2014 00:25:29.083,1.47403,1.47203,1.3300,1.2000
23.01.2014 00:25:30.498,1.47403,1.47203,2.5500,2.8500
23.01.2014 00:25:31.807,1.47401,1.47201,2.7200,1.7900
23.01.2014 00:25:33.104,1.47404,1.47204,2.4900,2.2600
23.01.2014 00:25:34.308,1.47403,1.47203,1.2600,2.3300
23.01.2014 00:25:35.654,1.47402,1.47202,1.3700,2.5900
23.01.2014 00:25:36.964,1.47403,1.47203,2.2700,1.4300
23.01.2014 00:25:38.419,1.47404,1.47204,3.0000,1.5500
23.01.2014 00:25:39.908,1.47402,1.47202,1.6100,1.0100
23.01.2014 00:25:41.231,1.47403,1.47203,2.2000,2.7100
23.01.2014 00:25:42.413,1.47405,1.47205,2.3800,2.5000
23.01.2014 00:25:43.830,1.47402,1.47202,1.8500,1.9500
23.01.2014 00:25:45.307,1.47400,1.47200,1.5900,1.2400
23.01.2014 00:25:46.656,1.47402,1.47202,1.2900,1.7200
23.01.2014 00:25:48.112,1.47401,1.47201,1.6600,1.8800
23.01.2014 00:25:49.576,1.47405,1.47205,2.2200,1.4600
23.01.2014 00:25:50.751,1.47403,1.47203,2.5700,2.1600
23.01.2014 00:25:52.167,1.47406,1.47206,2.3800,2.4300
23.01.2014 00:25:53.664,1.47408,1.47208,1.7800,1.9500
23.01.2014 00:25:54.971,1.47409,1.47209,1.2200,2.7900
23.01.2014 00:25:56.326,1.47406,1.47206,2.1800,1.9700
23.01.2014 00:25:57.881,1.47404,1.47204,1.4500,2.0200
23.01.2014 00:25:59.137,1.47404,1.47204,2.1300,1.7600
23.01.2014 00:26:00.472,1.47403,1.47203,2.4400,2.6300
23.01.2014 00:26:02.033,1.47404,1.47204,1.1600,2.4300
23.01.2014 00:26:03.549,1.47403,1.47203,2.8400,1.3400
23.01.2014 00:26:05.145,1.47403,1.47203,1.8400,2.2800
23.01.2014 00:26:06.255,1.47405,1.47205,2.8700,2.5200
23.01.2014 00:26:07.857,1.47405,1.47205,1.0800,1.3300
23.01.2014 00:26:09.220,1.47403,1.47203,1.6100,1.6200
23.01.2014 00:26:10.728,1.47399,1.47199,1.3000,1.4500
23.01.2014 00:26:12.131,1.47396,1.47196,2.8100,1.0200
23.01.2014 00:26:13.491,1.47398,1.47198,1.9500,2.1800
23.01.2014 00:26:14.759,1.47397,1.47197,2.4700,2.6100
23.01.2014 00:26:16.061,1.47398,1.47198,1.7100,2.5200
23.01.2014 00:26:17.461,1.47398,1.47198,2.5100,1.5400
23.01.2014 00:26:18.976,1.47397,1.47197,2.2600,2.0200
23.01.2014 00:26:20.399,1.47398,1.47198,1.5700,2.5500
23.01.2014 00:26:21.742,1.47396,1.47196,2.1000,2.4200
23.01.2014 00:26:23.279,1.47397,1.47197,1.0400,1.4300
23.01.2014 00:26:24.650,1.47401,1.47201,1.6100,1.4600
23.01.2014 00:26:26.113,1.47401,1.47201,2.4900,1.1700
23.01.2014 00:26:27.431,1.47402,1.47202,1.3300,1.0300
23.01.2014 00:26:28.738,1.47401,1.47201,2.7800,1.8100
23.01.2014 00:26:30.035,1.47400,1.47200,2.5200,1.9800
23.01.2014 00:26:31.445,1.47399,1.47199,1.1100,1.2500
23.01.2014 00:26:33.003,1.47400,1.47200,2.8100,2.1100
23.01.2014 00:26:34.450,1.47401,1.47201,2.5900,2.0000
23.01.2014 00:26:35.915,1.47401,1.47201,1.2900,2.6300
23.01.2014 00:26:37.438,1.47398,1.47198,2.0300,2.7800
23.01.2014 00:26:38.757,1.47399,1.47199,2.5100,1.3000
23.01.2014 00:26:40.194,1.47399,1.47199,1.8000,2.0900
23.01.2014 00:26:41.712,1.47398,1.47198,2.9900,1.2500
23.01.2014 00:26:43.308,1.47398,1.47198,2.0600,2.0700
23.01.2014 00:26:44.620,1.47398,1.47198,1.7700,2.4100
23.01.2014 00:26:46.085,1.47398,1.47198,2.7400,2.7200
23.01.2014 00:26:47.617,1.47397,1.47197,1.4800,2.4700
23.01.2014 00:26:49.054,1.47395,1.47195,1.8800,2.4300
23.01.2014 00:26:50.332,1.47393,1.47193,2.3000,2.7500
23.01.2014 00:26:51.772,1.47394,1.47194,2.9300,2.5000
23.01.2014 00:26:53.232,1.47394,1.47194,2.3400,2.0900
23.01.2014 00:26:54.517,1.47396,1.47196,1.6700,1.1400
23.01.2014 00:26:55.850,1.47396,1.47196,1.6500,1.2900
23.01.2014 00:26:57.044,1.47396,1.47196,2.0300,2.6600
23.01.2014 00:26:58.511,1.47395,1.47195,1.5300,2.0300
23.01.2014 00:26:59.751,1.47396,1.47196,2.8600,2.4000
23.01.2014 00:27:01.067,1.47396,1.47196,1.4400,2.9400
23.01.2014 00:27:02.415,1.47396,1.47196,1.4600,2.0000
23.01.2014 00:27:03.628,1.47397,1.47197,1.5000,1.9500
23.01.2014 00:27:05.083,1.47398,1.47198,1.5200,2.5000
23.01.2014 00:27:06.534,1.47398,1.47198,2.7100,1.0500
23.01.2014 00:27:07.959,1.47400,1.47200,2.7000,2.9600
23.01.2014 00:27:09.361,1.47402,1.47202,2.4900,1.5400
23.01.2014 00:27:10.687,1.47402,1.47202,1.4000,1.9600
23.01.2014 00:27:12.161,1.47403,1.47203,2.2400,1.4500
23.01.2014 00:27:13.453,1.47405,1.47205,2.2700,1.8100
23.01.2014 00:27:14.755,1.47403,1.47203,1.3200,2.9700
23.01.2014 00:27:16.184,1.47404,1.47204,2.0100,1.6500
23.01.2014 00:27:17.566,1.47402,1.47202,2.1600,1.8300
23.01.2014 00:27:18.817,1.47403,1.47203,2.3900,1.9300
23.01.2014 00:27:20.042,1.47402,1.47202,2.0800,2.5100
23.01.2014 00:27:21.412,1.47402,1.47202,2.0400,1.5500
23.01.2014 00:27:22.792,1.47400,1.47200,2.2000,2.2700
23.01.2014 00:27:24.228,1.47398,1.47198,2.6700,1.8400
23.01.2014 00:27:25.555,1.47397,1.47197,2.0900,1.4700
23.01.2014 00:27:26.867,1.47397,1.47197,1.9800,1.1600
23.01.2014 00:27:28.388,1.47400,1.47200,2.6900,1.9600
23.01.2014 00:27:29.721,1.47399,1.47199,1.7900,2.0500
23.01.2014 00:27:31.227,1.47396,1.47196,1.4200,2.9900
23.01.2014 00:27:32.806,1.47394,1.47194,2.6700,1.4200
23.01.2014 00:27:34.222,1.47392,1.47192,2.5900,1.3700
23.01.2014 00:27:35.577,1.47392,1.47192,1.8900,2.9300
23.01.2014 00:27:37.034,1.47391,1.47191,2.2700,2.8200
23.01.2014 00:27:38.335,1.47393,1.47193,1.4600,2.7700
23.01.2014 00:27:39.671,1.47393,1.47193,2.9300,1.1500
23.01.2014 00:27:41.001,1.47393,1.47193,1.2500,2.5200
23.01.2014 00:27:42.402,1.47393,1.47193,1.4500,2.9600
23.01.2014 00:27:43.909,1.47396,1.47196,2.8700,1.9500
23.01.2014 00:27:45.413,1.47395,1.47195,2.1200,2.5800
23.01.2014 00:27:46.594,1.47394,1.47194,2.4700,2.8500
23.01.2014 00:27:47.816,1.47393,1.47193,1.5400,1.8300
23.01.2014 00:27:49.330,1.47394,1.47194,2.4800,2.5000
23.01.2014 00:27:50.702,1.47395,1.47195,1.2700,2.2300
23.01.2014 00:27:52.201,1.47395,1.47195,2.1600,1.3900
23.01.2014 00:27:53.324,1.47395,1.47195,1.8200,1.2500
23.01.2014 00:27:54.729,1.47397,1.47197,2.0400,2.6700
23.01.2014 00:27:56.213,1.47398,1.47198,2.9300,2.2500
23.01.2014 00:27:57.716,1.47399,1.47199,1.6600,2.1300
23.01.2014 00:27:59.036,1.47399,1.47199,2.3900,1.8900
23.01.2014 00:28:00.266,1.47399,1.47199,1.7800,2.8000
23.01.2014 00:28:01.764,1.47398,1.47198,2.3900,1.3500
23.01.2014 00:28:03.153,1.47397,1.47197,2.0400,1.9000
23.01.2014 00:28:04.609,1.47396,1.47196,1.7700,1.2200
23.01.2014 00:28:06.121,1.47399,1.47199,2.9800,1.9500
23.01.2014 00:28:07.636,1.47403,1.47203,2.6400,1.1600
23.01.2014 00:28:09.073,1.47403,1.47203,1.3800,1.0200
23.01.2014 00:28:10.559,1.47405,1.47205,2.4200,2.4400
23.01.2014 00:28:11.719,1.47402,1.47202,1.2400,2.9700
23.01.2014 00:28:13.158,1.47404,1.47204,1.8900,1.7300
23.01.2014 00:28:14.597,1.47404,1.47204,2.5500,2.2900
23.01.2014 00:28:15.997,1.47403,1.47203,1.1500,1.6200
23.01.2014 00:28:17.481,1.47405,1.47205,1.0300,1.6200
23.01.2014 00:28:19.032,1.47402,1.47202,1.2100,2.5400
23.01.2014 00:28:20.290,1.47403,1.47203,2.7300,1.6300
23.01.2014 00:28:21.692,1.47404,1.47204,2.5000,2.4200
23.01.2014 00:28:22.920,1.47404,1.47204,1.1100,1.8700
23.01.2014 00:28:24.134,1.47403,1.47203,2.6100,1.2000
23.01.2014 00:28:25.408,1.47406,1.47206,2.4900,1.2200
23.01.2014 00:28:26.750,1.47409,1.47209,2.3900,2.2200
23.01.2014 00:28:28.120,1.47410,1.47210,2.3000,2.7400
23.01.2014 00:28:29.516,1.47409,1.47209,2.7000,2.2700
23.01.2014 00:28:31.034,1.47410,1.47210,2.8100,2.0400
23.01.2014 00:28:32.575,1.47410,1.47210,1.1000,2.0400
23.01.2014 00:28:34.027,1.47410,1.47210,2.3000,1.8800
23.01.2014 00:28:35.381,1.47411,1.47211,1.0500,2.1400
23.01.2014 00:28:36.732,1.47411,1.47211,2.1500,2.1000
23.01.2014 00:28:38.143,1.47411,1.47211,1.6300,1.5000
23.01.2014 00:28:39.405,1.47410,1.47210,2.7300,2.9300
23.01.2014 00:28:40.773,1.47410,1.47210,2.2700,1.1900
23.01.2014 00:28:42.105,1.47408,1.47208,1.2400,2.4600
23.01.2014 00:28:43.421,1.47405,1.47205,2.9000,1.4700
23.01.2014 00:28:44.883,1.47405,1.47205,1.1800,2.9300
23.01.2014 00:28:46.325,1.47406,1.47206,2.8700,2.8600
23.01.2014 00:28:47.772,1.47407,1.47207,1.8800,1.8900
23.01.2014 00:28:49.186,1.47407,1.47207,1.8500,2.1500
23.01.2014 00:28:50.569,1.47406,1.47206,1.2300,2.8400
23.01.2014 00:28:52.033,1.47406,1.47206,1.6200,2.1400
23.01.2014 00:28:53.467,1.47408,1.47208,2.0300,2.8200
23.01.2014 00:28:55.022,1.47410,1.47210,1.9100,2.9900
23.01.2014 00:28:56.541,1.47410,1.47210,2.2100,1.1300
23.01.2014 00:28:57.985,1.47410,1.47210,2.6600,2.9000
23.01.2014 00:28:59.220,1.47411,1.47211,2.1400,2.8800
23.01.2014 00:29:00.632,1.47408,1.47208,2.4400,1.0200
23.01.2014 00:29:01.993,1.47409,1.47209,2.9000,1.1300
23.01.2014 00:29:03.338,1.47408,1.47208,2.1800,1.1200
23.01.2014 00:29:04.664,1.47409,1.47209,2.4800,2.5400
23.01.2014 00:29:06.063,1.47408,1.47208,2.0800,2.3800
23.01.2014 00:29:07.402,1.47408,1.47208,1.4000,2.2700
23.01.2014 00:29:08.729,1.47411,1.47211,2.5500,2.1700
23.01.2014 00:29:10.217,1.47410,1.47210,1.4600,1.1800
23.01.2014 00:29:11.490,1.47411,1.47211,1.3200,2.9900
23.01.2014 00:29:12.908,1.47410,1.47210,2.9200,2.4800
23.01.2014 00:29:14.186,1.47410,1.47210,1.4500,1.8800
23.01.2014 00:29:15.495,1.47411,1.47211,1.8400,2.0900
23.01.2014 00:29:16.941,1.47408,1.47208,1.0100,1.9200
23.01.2014 00:29:18.259,1.47408,1.47208,1.1900,1.2300
23.01.2014 00:29:19.870,1.47409,1.47209,2.4100,2.0600
23.01.2014 00:29:21.154,1.47411,1.47211,1.7000,1.2300
23.01.2014 00:29:22.367,1.47410,1.47210,1.3600,1.9000
23.01.2014 00:29:23.671,1.47408,1.47208,2.2600,2.8900
23.01.2014 00:29:25.044,1.47407,1.47207,1.7300,1.0200
23.01.2014 00:29:26.555,1.47407,1.47207,1.1600,1.5200
23.01.2014 00:29:27.742,1.47407,1.47207,2.8700,2.4800
23.01.2014 00:29:29.039,1.47405,1.47205,1.8800,2.3100
23.01.2014 00:29:30.469,1.47404,1.47204,2.2900,1.2200
23.01.2014 00:29:31.693,1.47402,1.47202,2.7800,2.5000
23.01.2014 00:29:33.081,1.47406,1.47206,1.4900,2.3100
23.01.2014 00:29:34.506,1.47405,1.47205,1.0900,1.5500
23.01.2014 00:29:36.160,1.47406,1.47206,1.2500,2.4900
23.01.2014 00:29:37.653,1.47409,1.47209,2.3900,2.3500
23.01.2014 00:29:39.010,1.47407,1.47207,1.6500,1.2400
23.01.2014 00:29:40.528,1.47405,1.47205,1.2600,2.3800
23.01.2014 00:29:41.961,1.47404,1.47204,1.4600,1.6600
23.01.2014 00:29:43.236,1.47403,1.47203,2.1300,1.7600
23.01.2014 00:29:44.545,1.47402,1.47202,2.1300,2.6800
23.01.2014 00:29:45.877,1.47401,1.47201,1.1100,1.2500
23.01.2014 00:29:47.283,1.47399,1.47199,1.7400,2.9500
23.01.2014 00:29:48.691,1.47399,1.47199,2.4300,2.7300
23.01.2014 00:29:50.024,1.47397,1.47197,1.5100,1.7400
23.01.2014 00:29:51.365,1.47397,1.47197,2.0100,2.0900
23.01.2014 00:29:52.791,1.47399,1.47199,1.0500,1.0500
23.01.2014 00:29:54.143,1.47400,1.47200,1.4100,1.8100
23.01.2014 00:29:55.632,1.47401,1.47201,2.9000,2.8000
23.01.2014 00:29:56.908,1.47402,1.47202,1.7400,1.8900
23.01.2014 00:29:58.328,1.47405,1.47205,1.7900,2.2300
23.01.2014 00:29:59.564,1.47405,1.47205,1.2800,2.9400
23.01.2014 00:30:00.895,1.47403,1.47203,1.7000,2.2200
23.01.2014 00:30:02.219,1.47403,1.47203,2.5600,2.8000
23.01.2014 00:30:03.603,1.47404,1.47204,1.8800,2.0700
23.01.2014 00:30:04.998,1.47404,1.47204,1.8000,1.6800
23.01.2014 00:30:06.308,1.47404,1.47204,1.3200,1.2200
23.01.2014 00:30:07.628,1.47408,1.47208,2.2000,1.5700
23.01.2014 00:30:09.133,1.47410,1.47210,2.4100,1.2600
23.01.2014 00:30:10.617,1.47413,1.47213,2.3600,1.9900
23.01.2014 00:30:12.176,1.47414,1.47214,2.6000,1.9200
23.01.2014 00:30:13.473,1.47413,1.47213,1.4400,2.8700
23.01.2014 00:30:14.847,1.47418,1.47218,1.6200,2.3700
23.01.2014 00:30:16.369,1.47418,1.47218,1.5200,1.8100
23.01.2014 00:30:17.762,1.47418,1.47218,2.3000,1.5300
23.01.2014 00:30:19.055,1.47418,1.47218,1.1500,2.2900
23.01.2014 00:30:20.660,1.47417,1.47217,2.1300,2.9300
23.01.2014 00:30:22.100,1.47416,1.47216,2.3800,1.2300
23.01.2014 00:30:23.530,1.47415,1.47215,2.3200,2.7200
23.01.2014 00:30:24.808,1.47414,1.47214,2.0500,2.6500
23.01.2014 00:30:26.261,1.47415,1.47215,1.7700,2.6000
23.01.2014 00:30:27.656,1.47415,1.47215,1.4300,2.9300
23.01.2014 00:30:28.987,1.47415,1.47215,1.5400,1.1600
23.01.2014 00:30:30.493,1.47417,1.47217,1.1700,2.1400
23.01.2014 00:30:31.877,1.47417,1.47217,2.7600,2.1400
23.01.2014 00:30:33.307,1.47415,1.47215,2.2500,1.0500
23.01.2014 00:30:34.495,1.47414,1.47214,2.3700,1.1900
23.01.2014 00:30:35.987,1.47415,1.47215,2.0700,1.4900
23.01.2014 00:30:37.437,1.47415,1.47215,1.4700,1.7000
23.01.2014 00:30:38.786,1.47415,1.47215,2.8400,1.3200
23.01.2014 00:30:40.305,1.47417,1.47217,1.9600,2.9000
23.01.2014 00:30:41.613,1.47417,1.47217,2.3400,1.3500
23.01.2014 00:30:43.078,1.47416,1.47216,1.0400,1.6100
23.01.2014 00:30:44.432,1.47420,1.47220,1.3700,2.1700
23.01.2014 00:30:45.921,1.47419,1.47219,2.2700,1.6700
23.01.2014 00:30:47.419,1.47419,1.47219,1.6300,2.2800
23.01.2014 00:30:48.654,1.47421,1.47221,2.4700,2.3600
23.01.2014 00:30:49.993,1.47422,1.47222,2.0800,2.0600
23.01.2014 00:30:51.648,1.47421,1.47221,2.1200,2.7300
23.01.2014 00:30:53.125,1.47423,1.47223,1.0900,2.5300
23.01.2014 00:30:54.448,1.47423,1.47223,1.9800,2.3800
23.01.2014 00:30:56.011,1.47423,1.47223,2.5800,2.6700
23.01.2014 00:30:57.448,1.47420,1.47220,2.1700,2.8600
23.01.2014 00:30:58.784,1.47421,1.47221,1.6100,2.0900
23.01.2014 00:31:00.225,1.47420,1.47220,2.7600,2.1200
23.01.2014 00:31:01.399,1.47420,1.47220,2.6300,2.8800
23.01.2014 00:31:02.915,1.47419,1.47219,1.2600,1.3900
23.01.2014 00:31:04.273,1.47415,1.47215,2.8500,2.1200
23.01.2014 00:31:05.739,1.47415,1.47215,2.4100,2.3400
23.01.2014 00:31:07.031,1.47413,1.47213,2.2600,2.6900
23.01.2014 00:31:08.319,1.47412,1.47212,2.1800,1.8800
23.01.2014 00:31:09.673,1.47412,1.47212,2.0300,2.2200
23.01.2014 00:31:10.862,1.47413,1.47213,1.7900,1.8600
23.01.2014 00:31:12.153,1.47410,1.47210,2.6400,2.8500
23.01.2014 00:31:13.514,1.47409,1.47209,2.7500,1.3600
23.01.2014 00:31:14.967,1.47409,1.47209,1.2000,2.8600
23.01.2014 00:31:16.356,1.47409,1.47209,2.5900,1.7600
23.01.2014 00:31:17.715,1.47407,1.47207,2.4400,1.4000
23.01.2014 00:31:18.926,1.47406,1.47206,2.7600,1.9100
23.01.2014 00:31:20.333,1.47405,1.47205,1.3400,1.9400
23.01.2014 00:31:21.657,1.47405,1.47205,2.8200,2.8100
23.01.2014 00:31:23.080,1.47404,1.47204,2.2500,2.3100
23.01.2014 00:31:24.312,1.47402,1.47202,2.4000,1.5000
23.01.2014 00:31:25.731,1.47403,1.47203,2.1900,2.2200
23.01.2014 00:31:27.045,1.47402,1.47202,2.7700,1.5100
23.01.2014 00:31:28.409,1.47405,1.47205,1.5900,2.1700
23.01.2014 00:31:29.840,1.47407,1.47207,2.3100,2.1500
23.01.2014 00:31:31.334,1.47405,1.47205,2.3600,1.5100
23.01.2014 00:31:32.706,1.47405,1.47205,2.2100,1.0900
23.01.2014 00:31:34.164,1.47408,1.47208,2.4400,1.3500
23.01.2014 00:31:35.607,1.47409,1.47209,1.9100,2.0200
23.01.2014 00:31:36.956,1.47408,1.47208,1.1600,1.5300
23.01.2014 00:31:38.300,1.47408,1.47208,2.6600,1.9100
23.01.2014 00:31:39.743,1.47408,1.47208,2.9300,2.5200
23.01.2014 00:31:41.035,1.47409,1.47209,1.7900,1.8700
23.01.2014 00:31:42.446,1.47412,1.47212,1.2700,2.3700
23.01.2014 00:31:43.858,1.47410,1.47210,1.7900,2.8500
23.01.2014 00:31:45.219,1.47410,1.47210,1.3600,1.0700
23.01.2014 00:31:46.610,1.47413,1.47213,1.3600,2.7500
23.01.2014 00:31:48.031,1.47412,1.47212,2.4700,2.3200
23.01.2014 00:31:49.545,1.47415,1.47215,1.4100,2.7900
23.01.2014 00:31:50.862,1.47416,1.47216,2.6900,1.5100
23.01.2014 00:31:52.254,1.47417,1.47217,2.1800,2.9800
23.01.2014 00:31:53.665,1.47416,1.47216,1.8300,1.5700
23.01.2014 00:31:55.083,1.47417,1.47217,2.9400,1.5300
23.01.2014 00:31:56.270,1.47414,1.47214,2.9400,1.3700
23.01.2014 00:31:57.784,1.47413,1.47213,1.1800,2.8500
23.01.2014 00:31:59.264,1.47411,1.47211,1.9700,2.9700
23.01.2014 00:32:00.701,1.47409,1.47209,1.0900,1.5900
23.01.2014 00:32:02.243,1.47408,1.47208,2.7300,2.9700
23.01.2014 00:32:03.618,1.47408,1.47208,2.0900,2.0700
23.01.2014 00:32:05.012,1.47408,1.47208,1.1900,2.1600
23.01.2014 00:32:06.278,1.47406,1.47206,2.4300,2.0900
23.01.2014 00:32:07.757,1.47406,1.47206,1.5000,2.7100
23.01.2014 00:32:09.222,1.47403,1.47203,1.1000,2.4500
23.01.2014 00:32:10.528,1.47401,1.47201,2.6600,2.5300
23.01.2014 00:32:12.085,1.47400,1.47200,2.3200,2.9500
23.01.2014 00:32:13.412,1.47401,1.47201,2.7300,2.3700
23.01.2014 00:32:14.761,1.47403,1.47203,2.4100,2.9400
23.01.2014 00:32:16.185,1.47403,1.47203,2.0200,1.0500
23.01.2014 00:32:17.597,1.47402,1.47202,2.7000,2.2400
23.01.2014 00:32:18.902,1.47401,1.47201,1.5800,1.6400
23.01.2014 00:32:20.354,1.47400,1.47200,2.2200,1.2000
23.01.2014 00:32:21.808,1.47399,1.47199,1.7500,2.3800
23.01.2014 00:32:23.139,1.47397,1.47197,1.1700,2.4300
23.01.2014 00:32:24.621,1.47395,1.47195,2.8200,1.9500
23.01.2014 00:32:25.974,1.47394,1.47194,1.0600,2.8500
23.01.2014 00:32:27.463,1.47394,1.47194,2.3600,2.1000
23.01.2014 00:32:28.779,1.47394,1.47194,1.2500,1.9200
23.01.2014 00:32:30.281,1.47392,1.47192,2.1000,2.3600
23.01.2014 00:32:31.612,1.47393,1.47193,2.1900,2.3300
23.01.2014 00:32:32.919,1.47394,1.47194,3.0000,2.8100
23.01.2014 00:32:34.270,1.47396,1.47196,2.8700,1.6200
23.01.2014 00:32:35.631,1.47396,1.47196,1.7800,1.0700
23.01.2014 00:32:37.129,1.47400,1.47200,1.4900,2.3600
23.01.2014 00:32:38.487,1.47399,1.47199,1.0200,2.2300
23.01.2014 00:32:39.984,1.47400,1.47200,1.9000,2.9100
23.01.2014 00:32:41.313,1.47401,1.47201,2.3700,2.9400
23.01.2014 00:32:42.521,1.47401,1.47201,1.9500,2.4300
23.01.2014 00:32:44.064,1.47401,1.47201,1.9600,2.5000
23.01.2014 00:32:45.557,1.47401,1.47201,1.5600,1.0500
23.01.2014 00:32:46.914,1.47402,1.47202,1.2100,1.0300
23.01.2014 00:32:48.347,1.47403,1.47203,1.5800,2.0900
23.01.2014 00:32:49.889,1.47404,1.47204,1.3500,1.3100
23.01.2014 00:32:51.209,1.47406,1.47206,1.3600,2.8100
23.01.2014 00:32:52.783,1.47405,1.47205,1.4100,2.7300
23.01.2014 00:32:54.270,1.47407,1.47207,1.5800,1.3800
23.01.2014 00:32:55.526,1.47408,1.47208,2.7200,2.1300
23.01.2014 00:32:56.822,1.47412,1.47212,2.3100,2.5800
23.01.2014 00:32:58.280,1.47412,1.47212,1.9600,2.8600
23.01.2014 00:32:59.500,1.47413,1.47213,2.2000,1.1100
23.01.2014 00:33:00.757,1.47413,1.47213,1.4800,2.9800
23.01.2014 00:33:02.191,1.47413,1.47213,1.0100,1.6200
23.01.2014 00:33:03.534,1.47414,1.47214,2.2100,2.5200
23.01.2014 00:33:05.030,1.47414,1.47214,2.6000,1.1100
23.01.2014 00:33:06.469,1.47412,1.47212,1.1400,1.7000
23.01.2014 00:33:07.920,1.47412,1.47212,1.7600,1.2300
23.01.2014 00:33:09.190,1.47412,1.47212,1.4900,2.3900
23.01.2014 00:33:10.734,1.47414,1.47214,1.3800,1.0100
23.01.2014 00:33:12.152,1.47412,1.47212,2.0200,1.2000
23.01.2014 00:33:13.528,1.47415,1.47215,2.3000,2.4400
23.01.2014 00:33:14.947,1.47415,1.47215,1.1200,1.1100
23.01.2014 00:33:16.278,1.47413,1.47213,2.6500,1.4000
23.01.2014 00:33:17.505,1.47417,1.47217,2.1000,2.4000
23.01.2014 00:33:18.988,1.47415,1.47215,1.6200,1.2700
23.01.2014 00:33:20.275,1.47415,1.47215,2.2300,1.0900
23.01.2014 00:33:21.537,1.47417,1.47217,1.1600,2.7700
23.01.2014 00:33:23.004,1.47419,1.47219,1.8300,1.7800
23.01.2014 00:33:24.361,1.47417,1.47217,2.2400,2.1200
23.01.2014 00:33:25.907,1.47419,1.47219,2.7400,1.3400
23.01.2014 00:33:27.355,1.47420,1.47220,2.9500,1.3900
23.01.2014 00:33:28.811,1.47421,1.47221,1.3900,2.1000
23.01.2014 00:33:30.238,1.47423,1.47223,2.8400,1.7300
23.01.2014 00:33:31.578,1.47424,1.47224,2.8800,1.9900
23.01.2014 00:33:33.171,1.47424,1.47224,2.3100,1.4800
23.01.2014 00:33:34.579,1.47423,1.47223,2.7500,1.4300
23.01.2014 00:33:35.960,1.47420,1.47220,2.9000,2.4600
23.01.2014 00:33:37.275,1.47420,1.47220,2.9300,2.5500
23.01.2014 00:33:38.792,1.47418,1.47218,1.5600,2.7500
23.01.2014 00:33:40.196,1.47419,1.47219,1.2100,2.4400
23.01.2014 00:33:41.589,1.47419,1.47219,2.9600,1.2400
23.01.2014 00:33:42.892,1.47421,1.47221,2.9800,1.1900
23.01.2014 00:33:44.280,1.47423,1.47223,2.6400,1.5200
23.01.2014 00:33:45.704,1.47423,1.47223,1.9100,2.5700
23.01.2014 00:33:47.083,1.47421,1.47221,2.7300,1.4800
23.01.2014 00:33:48.503,1.47419,1.47219,1.2100,1.1800
23.01.2014 00:33:49.890,1.47424,1.47224,1.1700,1.0900
23.01.2014 00:33:51.365,1.47424,1.47224,1.6000,1.3600
23.01.2014 00:33:52.879,1.47426,1.47226,2.5400,2.6600
23.01.2014 00:33:54.136,1.47426,1.47226,1.1700,2.3000
23.01.2014 00:33:55.436,1.47423,1.47223,2.6400,1.7400
23.01.2014 00:33:56.803,1.47423,1.47223,2.5800,2.4200
23.01.2014 00:33:58.320,1.47421,1.47221,1.5600,2.5000
23.01.2014 00:33:59.590,1.47422,1.47222,2.0600,1.6200
23.01.2014 00:34:00.973,1.47423,1.47223,2.2300,1.1300
23.01.2014 00:34:02.266,1.47424,1.47224,2.7400,1.3000
23.01.2014 00:34:03.601,1.47421,1.47221,2.1000,1.5700
23.01.2014 00:34:05.077,1.47420,1.47220,2.5500,1.4000
23.01.2014 00:34:06.356,1.47420,1.47220,2.7400,2.5800
23.01.2014 00:34:07.777,1.47422,1.47222,1.1400,2.8900
23.01.2014 00:34:08.996,1.47419,1.47219,1.2600,2.5600
23.01.2014 00:34:10.453,1.47422,1.47222,2.0300,2.6800
23.01.2014 00:34:11.981,1.47424,1.47224,1.4700,2.6700
23.01.2014 00:34:13.340,1.47424,1.47224,2.7300,1.3800
23.01.2014 00:34:14.791,1.47427,1.47227,2.9300,1.0100
23.01.2014 00:34:16.290,1.47426,1.47226,2.5600,2.5900
23.01.2014 00:34:17.734,1.47424,1.47224,2.2400,1.9700
23.01.2014 00:34:19.162,1.47421,1.47221,2.1300,1.1800
23.01.2014 00:34:20.523,1.47419,1.47219,1.9900,2.6700
23.01.2014 00:34:21.959,1.47420,1.47220,1.3700,2.4900
23.01.2014 00:34:23.291,1.47421,1.47221,2.7100,1.3200
23.01.2014 00:34:24.578,1.47422,1.47222,1.4900,2.2900
23.01.2014 00:34:25.736,1.47421,1.47221,2.4800,2.7800
23.01.2014 00:34:27.144,1.47420,1.47220,2.7100,1.6100
23.01.2014 00:34:28.507,1.47420,1.47220,1.8700,1.3400
23.01.2014 00:34:30.028,1.47420,1.47220,2.5600,1.4200
23.01.2014 00:34:31.522,1.47417,1.47217,2.3500,2.8600
23.01.2014 00:34:32.956,1.47415,1.47215,1.0800,1.2300
23.01.2014 00:34:34.475,1.47415,1.47215,1.5000,2.2200
23.01.2014 00:34:35.790,1.47413,1.47213,1.2600,1.8100
23.01.2014 00:34:37.383,1.47413,1.47213,1.5500,2.0500
23.01.2014 00:34:38.630,1.47411,1.47211,2.2700,2.5300
23.01.2014 00:34:40.035,1.47410,1.47210,1.0800,2.6700
23.01.2014 00:34:41.575,1.47413,1.47213,2.6600,2.9100
23.01.2014 00:34:42.954,1.47412,1.47212,2.8900,2.2200
23.01.2014 00:34:44.573,1.47410,1.47210,2.5300,2.6600
23.01.2014 00:34:46.026,1.47409,1.47209,2.0700,1.9200
23.01.2014 00:34:47.400,1.47408,1.47208,1.9700,1.9200
23.01.2014 00:34:48.692,1.47408,1.47208,2.1200,2.2600
23.01.2014 00:34:50.038,1.47408,1.47208,2.6400,2.2200
23.01.2014 00:34:51.404,1.47410,1.47210,2.4000,2.5500
23.01.2014 00:34:52.723,1.47408,1.47208,2.5600,2.6400
23.01.2014 00:34:54.143,1.47410,1.47210,1.5500,2.2600
23.01.2014 00:34:55.561,1.47413,1.47213,2.9500,1.4000
23.01.2014 00:34:56.891,1.47415,1.47215,2.2500,1.6800
23.01.2014 00:34:58.154,1.47416,1.47216,1.7300,1.6700
23.01.2014 00:34:59.424,1.47416,1.47216,1.5900,2.1600
23.01.2014 00:35:00.955,1.47416,1.47216,1.3500,2.8400
23.01.2014 00:35:02.270,1.47416,1.47216,2.3900,1.2100
23.01.2014 00:35:03.733,1.47417,1.47217,2.2600,1.5900
23.01.2014 00:35:05.072,1.47418,1.47218,1.9500,1.5400
23.01.2014 00:35:06.525,1.47416,1.47216,2.4700,2.3900
23.01.2014 00:35:07.847,1.47416,1.47216,2.1800,1.6900
23.01.2014 00:35:09.339,1.47416,1.47216,2.7900,2.4100
23.01.2014 00:35:10.772,1.47416,1.47216,2.3900,1.9800
23.01.2014 00:35:12.263,1.47413,1.47213,1.3800,1.0300
23.01.2014 00:35:13.892,1.47413,1.47213,1.8000,1.5800
23.01.2014 00:35:15.231,1.47414,1.47214,2.1000,2.9400
23.01.2014 00:35:16.735,1.47412,1.47212,1.9400,2.6600
23.01.2014 00:35:18.022,1.47411,1.47211,1.7400,2.1800
23.01.2014 00:35:19.530,1.47411,1.47211,2.3300,2.1400
23.01.2014 00:35:20.866,1.47411,1.47211,1.7600,2.1900
23.01.2014 00:35:22.132,1.47409,1.47209,1.9500,2.5800
23.01.2014 00:35:23.486,1.47411,1.47211,2.2200,1.9300
23.01.2014 00:35:24.956,1.47410,1.47210,1.5800,1.3500
23.01.2014 00:35:26.292,1.47409,1.47209,2.2200,1.4900
23.01.2014 00:35:27.907,1.47407,1.47207,2.1100,1.5800
23.01.2014 00:35:29.487,1.47406,1.47206,1.9800,1.0500
23.01.2014 00:35:30.961,1.47404,1.47204,1.0800,1.6600
23.01.2014 00:35:32.418,1.47403,1.47203,1.1600,2.2900
23.01.2014 00:35:33.733,1.47404,1.47204,2.4400,1.1700
23.01.2014 00:35:35.003,1.47403,1.47203,1.7600,2.8300
23.01.2014 00:35:36.336,1.47404,1.47204,1.9700,1.2800
23.01.2014 00:35:37.900,1.47404,1.47204,2.5500,2.1500
23.01.2014 00:35:39.254,1.47402,1.47202,2.1700,2.7700
23.01.2014 00:35:40.663,1.47402,1.47202,1.9300,2.9100
23.01.2014 00:35:41.983,1.47402,1.47202,1.5700,1.9000
23.01.2014 00:35:43.420,1.47401,1.47201,1.6700,2.6600
23.01.2014 00:35:44.866,1.47400,1.47200,2.4100,2.7100
23.01.2014 00:35:46.457,1.47400,1.47200,2.0900,1.8400
23.01.2014 00:35:47.884,1.47399,1.47199,1.9300,1.3400
23.01.2014 00:35:49.220,1.47398,1.47198,1.5600,1.5700
23.01.2014 00:35:50.565,1.47398,1.47198,2.0300,1.5800
23.01.2014 00:35:51.997,1.47397,1.47197,1.0500,2.0900
23.01.2014 00:35:53.485,1.47399,1.47199,1.4300,1.4600
23.01.2014 00:35:54.883,1.47397,1.47197,1.6700,1.9400
23.01.2014 00:35:56.204,1.47398,1.47198,2.9300,2.2300
23.01.2014 00:35:57.488,1.47397,1.47197,2.1100,2.0100
23.01.2014 00:35:58.900,1.47395,1.47195,2.6700,1.3300
23.01.2014 00:36:00.129,1.47397,1.47197,1.2100,2.3500
23.01.2014 00:36:01.662,1.47397,1.47197,1.1800,2.5600
23.01.2014 00:36:02.938,1.47397,1.47197,2.7800,2.0100
23.01.2014 00:36:04.241,1.47398,1.47198,1.8300,1.9800
23.01.2014 00:36:05.549,1.47396,1.47196,1.8700,1.9400
23.01.2014 00:36:07.022,1.47400,1.47200,1.2100,2.0200
23.01.2014 00:36:08.657,1.47402,1.47202,1.2900,1.6100
23.01.2014 00:36:09.984,1.47403,1.47203,1.8600,2.9600
23.01.2014 00:36:11.557,1.47404,1.47204,1.1500,2.0500
23.01.2014 00:36:12.888,1.47402,1.47202,1.3100,2.8200
23.01.2014 00:36:14.289,1.47404,1.47204,2.7900,1.7500
23.01.2014 00:36:15.644,1.47403,1.47203,1.2900,2.8600
23.01.2014 00:36:17.060,1.47406,1.47206,1.8700,2.0800
23.01.2014 00:36:18.483,1.47408,1.47208,2.8800,2.2800
23.01.2014 00:36:19.735,1.47410,1.47210,1.8900,2.6800
23.01.2014 00:36:21.137,1.47409,1.47209,2.8400,2.4700
23.01.2014 00:36:22.551,1.47411,1.47211,1.7700,1.4200
23.01.2014 00:36:24.064,1.47410,1.47210,1.2800,2.5600
23.01.2014 00:36:25.470,1.47411,1.47211,1.5200,2.4300
23.01.2014 00:36:26.752,1.47411,1.47211,2.4300,1.3700
23.01.2014 00:36:28.230,1.47409,1.47209,1.0700,2.9800
23.01.2014 00:36:29.464,1.47409,1.47209,1.9800,2.1600
23.01.2014 00:36:30.820,1.47409,1.47209,1.2600,2.8700
23.01.2014 00:36:32.158,1.47412,1.47212,2.0200,1.1400
23.01.2014 00:36:33.561,1.47412,1.47212,2.8100,1.9100
23.01.2014 00:36:34.988,1.47407,1.47207,1.5400,1.2200
23.01.2014 00:36:36.342,1.47406,1.47206,1.5800,2.8500
23.01.2014 00:36:37.919,1.47406,1.47206,1.2900,2.5500
23.01.2014 00:36:39.101,1.47407,1.47207,1.2800,2.6000
23.01.2014 00:36:40.439,1.47410,1.47210,1.3100,1.2400
23.01.2014 00:36:41.865,1.47412,1.47212,2.6900,1.3500
23.01.2014 00:36:43.201,1.47410,1.47210,2.0100,2.3400
23.01.2014 00:36:44.635,1.47411,1.47211,2.9800,2.2700
23.01.2014 00:36:46.092,1.47411,1.47211,1.5100,1.5600
23.01.2014 00:36:47.544,1.47410,1.47210,2.6600,2.2300
23.01.2014 00:36:49.008,1.47411,1.47211,1.0800,1.6700
23.01.2014 00:36:50.588,1.47411,1.47211,2.2300,2.8300
23.01.2014 00:36:51.918,1.47410,1.47210,1.4500,2.5800
23.01.2014 00:36:53.349,1.47410,1.47210,2.4500,1.9600
23.01.2014 00:36:54.739,1.47409,1.47209,1.9500,1.1500
23.01.2014 00:36:56.197,1.47409,1.47209,1.2000,2.2200
23.01.2014 00:36:57.669,1.47409,1.47209,1.0900,2.7100
23.01.2014 00:36:58.963,1.47409,1.47209,2.6400,1.6100
23.01.2014 00:37:00.404,1.47409,1.47209,1.7500,2.0400
23.01.2014 00:37:01.797,1.47409,1.47209,2.9800,2.4900
23.01.2014 00:37:03.355,1.47405,1.47205,3.0000,1.9400
23.01.2014 00:37:04.768,1.47405,1.47205,2.9500,1.6800
23.01.2014 00:37:06.047,1.47404,1.47204,2.9000,1.8100
23.01.2014 00:37:07.435,1.47404,1.47204,2.3600,2.1900
23.01.2014 00:37:08.831,1.47403,1.47203,1.4300,1.8600
23.01.2014 00:37:10.362,1.47407,1.47207,2.5900,1.7900
23.01.2014 00:37:11.708,1.47406,1.47206,2.2300,2.6500
23.01.2014 00:37:13.081,1.47407,1.47207,1.5700,2.1400
23.01.2014 00:37:14.515,1.47405,1.47205,2.1100,1.4400
23.01.2014 00:37:16.083,1.47405,1.47205,1.8100,2.0000
23.01.2014 00:37:17.541,1.47403,1.47203,1.4600,1.3500
23.01.2014 00:37:19.053,1.47406,1.47206,1.4900,1.7900
23.01.2014 00:37:20.521,1.47408,1.47208,1.2800,1.9300
23.01.2014 00:37:21.817,1.47407,1.47207,1.1700,1.0900
23.01.2014 00:37:23.273,1.47407,1.47207,1.3400,1.9300
23.01.2014 00:37:24.701,1.47409,1.47209,2.2800,2.4900
23.01.2014 00:37:26.128,1.47409,1.47209,2.5500,1.9100
23.01.2014 00:37:27.413,1.47409,1.47209,1.6600,1.3100
23.01.2014 00:37:28.837,1.47409,1.47209,1.3200,2.3100
23.01.2014 00:37:30.095,1.47410,1.47210,2.4700,1.5800
23.01.2014 00:37:31.520,1.47409,1.47209,1.1600,2.5600
23.01.2014 00:37:32.851,1.47411,1.47211,2.5700,2.1800
23.01.2014 00:37:34.270,1.47409,1.47209,1.7700,2.6200
23.01.2014 00:37:35.722,1.47407,1.47207,2.0600,1.5400
23.01.2014 00:37:37.152,1.47405,1.47205,1.8100,1.6100
23.01.2014 00:37:38.680,1.47405,1.47205,1.2600,1.6200
23.01.2014 00:37:40.143,1.47405,1.47205,2.8500,2.9500
23.01.2014 00:37:41.418,1.47402,1.47202,2.0500,1.9200
23.01.2014 00:37:42.896,1.47402,1.47202,1.9000,2.7200
23.01.2014 00:37:44.373,1.47402,1.47202,1.4800,1.8600
23.01.2014 00:37:45.891,1.47405,1.47205,1.8100,2.2700
23.01.2014 00:37:47.180,1.47406,1.47206,1.6200,2.9400
23.01.2014 00:37:48.692,1.47406,1.47206,2.5000,2.2200
23.01.2014 00:37:50.124,1.47408,1.47208,2.6500,2.5100
23.01.2014 00:37:51.470,1.47409,1.47209,2.1900,1.9400
23.01.2014 00:37:52.654,1.47408,1.47208,1.5900,1.8400
23.01.2014 00:37:54.111,1.47408,1.47208,1.8100,1.1000
23.01.2014 00:37:55.467,1.47410,1.47210,2.5700,2.7400
23.01.2014 00:37:56.939,1.47409,1.47209,3.0000,2.5300
23.01.2014 00:37:58.139,1.47409,1.47209,1.0800,1.9500
23.01.2014 00:37:59.644,1.47411,1.47211,2.0100,1.1600
23.01.2014 00:38:00.990,1.47414,1.47214,2.6900,2.4200
23.01.2014 00:38:02.373,1.47413,1.47213,1.2500,2.4500
23.01.2014 00:38:03.737,1.47413,1.47213,2.9300,2.2400
23.01.2014 00:38:05.230,1.47412,1.47212,1.1900,1.3900
23.01.2014 00:38:06.757,1.47416,1.47216,1.5100,1.8400
23.01.2014 00:38:08.131,1.47417,1.47217,1.1600,2.1500
23.01.2014 00:38:09.618,1.47418,1.47218,1.9800,2.6400
23.01.2014 00:38:10.901,1.47418,1.47218,2.0300,1.1900
23.01.2014 00:38:12.502,1.47418,1.47218,1.3300,2.6900
23.01.2014 00:38:13.903,1.47417,1.47217,2.2000,1.0700
23.01.2014 00:38:15.328,1.47419,1.47219,2.1400,1.7400
23.01.2014 00:38:16.620,1.47420,1.47220,2.3500,1.3700
23.01.2014 00:38:18.165,1.47418,1.47218,1.5900,2.8100
23.01.2014 00:38:19.540,1.47414,1.47214,1.1600,1.0500
23.01.2014 00:38:20.922,1.47416,1.47216,1.6200,2.2900
23.01.2014 00:38:22.525,1.47417,1.47217,1.6300,1.0400
23.01.2014 00:38:23.983,1.47419,1.47219,2.5300,1.4000
23.01.2014 00:38:25.286,1.47420,1.47220,2.2000,1.1100
23.01.2014 00:38:26.594,1.47418,1.47218,2.3900,1.2800
23.01.2014 00:38:28.093,1.47420,1.47220,1.2700,2.7900
23.01.2014 00:38:29.478,1.47421,1.47221,2.2300,1.4500
23.01.2014 00:38:30.688,1.47421,1.47221,1.5400,2.8700
23.01.2014 00:38:31.986,1.47422,1.47222,1.0400,1.9500
23.01.2014 00:38:33.370,1.47420,1.47220,2.2100,2.6500
23.01.2014 00:38:34.693,1.47419,1.47219,1.7800,2.5200
23.01.2014 00:38:36.128,1.47421,1.47221,2.7800,1.4600
23.01.2014 00:38:37.286,1.47419,1.47219,1.5700,2.8200
23.01.2014 00:38:38.642,1.47418,1.47218,1.9900,2.9700
23.01.2014 00:38:39.940,1.47418,1.47218,2.3700,2.7200
23.01.2014 00:38:41.311,1.47418,1.47218,1.6400,1.4200
23.01.2014 00:38:42.642,1.47417,1.47217,1.6900,1.1800
23.01.2014 00:38:44.134,1.47417,1.47217,1.3200,1.4200
23.01.2014 00:38:45.502,1.47418,1.47218,2.9800,1.6000
23.01.2014 00:38:46.946,1.47418,1.47218,1.9300,1.0800
23.01.2014 00:38:48.361,1.47417,1.47217,1.5700,2.5700
23.01.2014 00:38:49.960,1.47415,1.47215,2.9600,1.8400
23.01.2014 00:38:51.329,1.47416,1.47216,2.6500,1.9400
23.01.2014 00:38:52.524,1.47415,1.47215,2.7800,1.9000
23.01.2014 00:38:54.051,1.47414,1.47214,1.6600,2.5600
23.01.2014 00:38:55.323,1.47415,1.47215,1.5200,2.9200
23.01.2014 00:38:56.762,1.47412,1.47212,1.9400,1.4900
23.01.2014 00:38:58.015,1.47411,1.47211,2.6200,2.0200
23.01.2014 00:38:59.458,1.47413,1.47213,2.1000,2.4400
23.01.2014 00:39:01.052,1.47415,1.47215,2.5100,2.6100
23.01.2014 00:39:02.356,1.47417,1.47217,1.3700,2.2900
23.01.2014 00:39:03.733,1.47415,1.47215,2.9500,1.2400
23.01.2014 00:39:05.001,1.47414,1.47214,2.8700,2.2800
23.01.2014 00:39:06.312,1.47416,1.47216,1.5000,2.4700
23.01.2014 00:39:07.763,1.47415,1.47215,2.9500,1.7800
23.01.2014 00:39:09.076,1.47414,1.47214,2.9900,1.4800
23.01.2014 00:39:10.549,1.47416,1.47216,2.8100,2.6200
23.01.2014 00:39:11.921,1.47416,1.47216,2.0700,1.7700
23.01.2014 00:39:13.382,1.47414,1.47214,2.8800,1.3900
23.01.2014 00:39:14.862,1.47413,1.47213,1.7400,2.2400
23.01.2014 00:39:16.266,1.47414,1.47214,2.3400,2.2300
23.01.2014 00:39:17.725,1.47414,1.47214,1.0600,2.8100
23.01.2014 00:39:19.064,1.47417,1.47217,1.9300,2.7500
23.01.2014 00:39:20.288,1.47417,1.47217,1.7700,2.3300
23.01.2014 00:39:21.689,1.47417,1.47217,2.2800,2.1700
23.01.2014 00:39:23.202,1.47414,1.47214,2.3500,1.8400
23.01.2014 00:39:24.672,1.47415,1.47215,1.3600,1.8400
23.01.2014 00:39:26.048,1.47414,1.47214,2.5700,2.2600
23.01.2014 00:39:27.242,1.47413,1.47213,1.4300,2.5600
23.01.2014 00:39:28.623,1.47414,1.47214,2.8500,2.7600
23.01.2014 00:39:30.057,1.47414,1.47214,1.2800,1.9100
23.01.2014 00:39:31.370,1.47414,1.47214,1.1700,1.7700
23.01.2014 00:39:32.956,1.47416,1.47216,1.9400,2.3700
23.01.2014 00:39:34.213,1.47417,1.47217,2.9200,2.4600
23.01.2014 00:39:35.536,1.47418,1.47218,1.1100,1.9700
23.01.2014 00:39:37.135,1.47417,1.47217,2.3700,1.5200
23.01.2014 00:39:38.548,1.47420,1.47220,1.9800,2.1700
23.01.2014 00:39:40.070,1.47420,1.47220,1.0200,2.2600
23.01.2014 00:39:41.601,1.47420,1.47220,2.2700,2.9700
23.01.2014 00:39:43.036,1.47419,1.47219,2.6700,2.7600
23.01.2014 00:39:44.390,1.47417,1.47217,1.0500,1.4800
23.01.2014 00:39:45.674,1.47416,1.47216,1.5400,2.1000
23.01.2014 00:39:46.998,1.47417,1.47217,1.2700,2.4600
23.01.2014 00:39:48.459,1.47421,1.47221,1.9600,2.7600
23.01.2014 00:39:49.790,1.47422,1.47222,1.5300,1.4800
23.01.2014 00:39:51.177,1.47423,1.47223,2.9200,2.0500
23.01.2014 00:39:52.676,1.47422,1.47222,1.3900,1.5500
23.01.2014 00:39:54.138,1.47422,1.47222,1.6600,2.0100
23.01.2014 00:39:55.457,1.47423,1.47223,1.6900,2.4600
23.01.2014 00:39:56.678,1.47424,1.47224,2.5500,2.2900
23.01.2014 00:39:58.082,1.47424,1.47224,1.1600,2.8800
23.01.2014 00:39:59.325,1.47426,1.47226,2.0600,1.7800
23.01.2014 00:40:00.674,1.47427,1.47227,1.0500,1.0900
23.01.2014 00:40:02.155,1.47428,1.47228,1.7500,2.6300
23.01.2014 00:40:03.488,1.47427,1.47227,1.3600,1.9200
23.01.2014 00:40:04.953,1.47426,1.47226,1.3200,1.5200
23.01.2014 00:40:06.520,1.47428,1.47228,2.0600,2.5700
23.01.2014 00:40:07.933,1.47427,1.47227,1.8500,2.8500
23.01.2014 00:40:09.447,1.47427,1.47227,1.7000,1.4600
23.01.2014 00:40:10.853,1.47428,1.47228,2.0900,1.7200
23.01.2014 00:40:12.391,1.47428,1.47228,2.1800,1.6000
23.01.2014 00:40:13.634,1.47426,1.47226,1.7800,1.5900
23.01.2014 00:40:14.965,1.47427,1.47227,1.2100,2.0800
23.01.2014 00:40:16.198,1.47426,1.47226,2.5000,1.8000
23.01.2014 00:40:17.552,1.47429,1.47229,2.5000,1.8600
23.01.2014 00:40:18.960,1.47430,1.47230,1.6900,1.4500
23.01.2014 00:40:20.455,1.47432,1.47232,2.5000,2.7400
23.01.2014 00:40:21.917,1.47433,1.47233,1.3500,1.0800
23.01.2014 00:40:23.334,1.47429,1.47229,2.0500,1.6100
23.01.2014 00:40:24.721,1.47428,1.47228,2.9900,2.5400
23.01.2014 00:40:26.167,1.47428,1.47228,2.2500,1.0500
23.01.2014 00:40:27.456,1.47427,1.47227,1.1500,2.2200
23.01.2014 00:40:28.848,1.47426,1.47226,2.6400,2.0600
23.01.2014 00:40:30.365,1.47425,1.47225,2.4100,2.9400
23.01.2014 00:40:31.780,1.47423,1.47223,1.6800,1.3700
23.01.2014 00:40:33.172,1.47422,1.47222,2.9300,2.0300
23.01.2014 00:40:34.725,1.47424,1.47224,2.4300,1.0600
23.01.2014 00:40:36.300,1.47421,1.47221,1.0800,2.2200
23.01.2014 00:40:37.673,1.47420,1.47220,1.1000,2.4500
23.01.2014 00:40:39.218,1.47421,1.47221,1.1800,2.0600
23.01.2014 00:40:40.663,1.47421,1.47221,1.1400,1.6000
23.01.2014 00:40:42.032,1.47419,1.47219,1.2100,1.6700
23.01.2014 00:40:43.445,1.47421,1.47221,2.0500,2.1700
23.01.2014 00:40:44.938,1.47422,1.47222,2.8900,2.3800
23.01.2014 00:40:46.476,1.47421,1.47221,2.4700,2.9000
23.01.2014 00:40:47.927,1.47422,1.47222,1.9700,1.2700
23.01.2014 00:40:49.193,1.47423,1.47223,1.8500,2.6700
23.01.2014 00:40:50.591,1.47423,1.47223,2.2100,2.5100
23.01.2014 00:40:52.195,1.47426,1.47226,2.3000,2.1300
23.01.2014 00:40:53.661,1.47427,1.47227,1.9300,1.5900
23.01.2014 00:40:54.998,1.47425,1.47225,2.1500,1.3400
23.01.2014 00:40:56.471,1.47427,1.47227,1.9600,2.0600
23.01.2014 00:40:57.854,1.47428,1.47228,2.6000,2.6700
23.01.2014 00:40:59.151,1.47428,1.47228,1.2600,2.0500
23.01.2014 00:41:00.655,1.47427,1.47227,1.9100,1.3800
23.01.2014 00:41:02.114,1.47427,1.47227,2.0900,1.8000
23.01.2014 00:41:03.503,1.47428,1.47228,2.7400,2.0900
23.01.2014 00:41:04.987,1.47428,1.47228,2.6600,2.1300
23.01.2014 00:41:06.530,1.47428,1.47228,1.0800,2.3500
23.01.2014 00:41:07.920,1.47426,1.47226,2.3500,2.4100
23.01.2014 00:41:09.322,1.47428,1.47228,2.4600,1.9900
23.01.2014 00:41:10.743,1.47426,1.47226,1.8100,2.5100
23.01.2014 00:41:12.148,1.47427,1.47227,1.3000,1.2200
23.01.2014 00:41:13.648,1.47424,1.47224,1.0300,2.4500
23.01.2014 00:41:14.933,1.47425,1.47225,2.3900,1.0700
23.01.2014 00:41:16.193,1.47424,1.47224,2.3900,2.7000
23.01.2014 00:41:17.604,1.47423,1.47223,2.2600,2.0500
23.01.2014 00:41:19.036,1.47423,1.47223,1.2300,2.8500
23.01.2014 00:41:20.680,1.47422,1.47222,2.0400,1.2200
23.01.2014 00:41:22.035,1.47424,1.47224,2.0300,2.8800
23.01.2014 00:41:23.385,1.47422,1.47222,2.3600,1.1900
23.01.2014 00:41:24.830,1.47425,1.47225,1.6900,2.0300
23.01.2014 00:41:26.247,1.47423,1.47223,2.8000,1.5400
23.01.2014 00:41:27.638,1.47424,1.47224,1.2900,2.0100
23.01.2014 00:41:29.100,1.47425,1.47225,2.7600,1.6400
23.01.2014 00:41:30.464,1.47425,1.47225,2.7900,2.7800
23.01.2014 00:41:31.893,1.47422,1.47222,1.1800,1.9000
23.01.2014 00:41:33.182,1.47423,1.47223,1.6100,1.3400
23.01.2014 00:41:34.642,1.47423,1.47223,2.1500,2.9200
23.01.2014 00:41:36.082,1.47422,1.47222,1.7100,1.1400
23.01.2014 00:41:37.590,1.47421,1.47221,1.2400,2.0800
23.01.2014 00:41:38.977,1.47420,1.47220,1.3100,2.6700
23.01.2014 00:41:40.358,1.47420,1.47220,1.9600,1.9300
23.01.2014 00:41:41.633,1.47419,1.47219,2.8400,1.1100
23.01.2014 00:41:43.087,1.47418,1.47218,1.7700,1.3000
23.01.2014 00:41:44.403,1.47418,1.47218,1.6700,1.1900
23.01.2014 00:41:45.988,1.47420,1.47220,1.9300,2.9100
23.01.2014 00:41:47.381,1.47420,1.47220,1.1600,2.9600
23.01.2014 00:41:48.602,1.47418,1.47218,2.2100,1.0100
23.01.2014 00:41:49.785,1.47421,1.47221,2.3500,2.0900
23.01.2014 00:41:51.056,1.47423,1.47223,1.0000,1.7400
23.01.2014 00:41:52.504,1.47422,1.47222,1.6700,2.2800
23.01.2014 00:41:53.746,1.47422,1.47222,2.1700,1.8400
23.01.2014 00:41:55.197,1.47423,1.47223,1.0600,1.5700
23.01.2014 00:41:56.515,1.47424,1.47224,1.3200,1.5400
23.01.2014 00:41:57.847,1.47424,1.47224,2.2400,1.8300
23.01.2014 00:41:59.354,1.47423,1.47223,2.4800,2.3000
23.01.2014 00:42:00.898,1.47424,1.47224,2.7600,2.7100
23.01.2014 00:42:02.349,1.47428,1.47228,1.6600,1.3300
23.01.2014 00:42:03.674,1.47425,1.47225,2.6300,1.8200
23.01.2014 00:42:05.024,1.47424,1.47224,1.5900,1.4300
23.01.2014 00:42:06.322,1.47423,1.47223,2.2500,2.0700
23.01.2014 00:42:07.646,1.47421,1.47221,1.0700,2.2000
23.01.2014 00:42:09.141,1.47421,1.47221,1.7700,2.7200
23.01.2014 00:42:10.457,1.47423,1.47223,2.8000,1.8300
23.01.2014 00:42:11.864,1.47423,1.47223,2.7500,1.1600
23.01.2014 00:42:13.325,1.47422,1.47222,1.2700,2.4100
23.01.2014 00:42:14.717,1.47422,1.47222,1.8700,1.4500
23.01.2014 00:42:16.092,1.47421,1.47221,2.9200,1.5900
23.01.2014 00:42:17.367,1.47421,1.47221,2.5200,1.1800
23.01.2014 00:42:18.856,1.47423,1.47223,2.9800,2.3700
23.01.2014 00:42:20.393,1.47421,1.47221,1.7400,1.6100
23.01.2014 00:42:21.710,1.47424,1.47224,1.9600,1.1400
23.01.2014 00:42:23.104,1.47425,1.47225,2.9400,1.9900
23.01.2014 00:42:24.631,1.47426,1.47226,2.9800,2.7300
23.01.2014 00:42:25.943,1.47424,1.47224,2.5600,2.3300
23.01.2014 00:42:27.334,1.47425,1.47225,2.8000,2.1500
23.01.2014 00:42:28.666,1.47426,1.47226,1.5100,1.4700
23.01.2014 00:42:30.034,1.47428,1.47228,2.5200,2.5500
23.01.2014 00:42:31.526,1.47429,1.47229,1.1800,2.8000
23.01.2014 00:42:32.809,1.47428,1.47228,2.7000,1.1000
23.01.2014 00:42:34.146,1.47429,1.47229,1.3900,2.5100
23.01.2014 00:42:35.596,1.47428,1.47228,2.0900,1.9600
23.01.2014 00:42:37.034,1.47425,1.47225,1.3000,1.3800
23.01.2014 00:42:38.584,1.47426,1.47226,2.3700,2.0800
23.01.2014 00:42:39.966,1.47425,1.47225,2.3000,1.7400
23.01.2014 00:42:41.356,1.47427,1.47227,1.8400,2.2000
23.01.2014 00:42:42.882,1.47426,1.47226,2.9800,1.5300
23.01.2014 00:42:44.194,1.47425,1.47225,1.6100,1.5800
23.01.2014 00:42:45.576,1.47424,1.47224,1.4400,1.5500
23.01.2014 00:42:47.102,1.47423,1.47223,2.5700,1.6200
23.01.2014 00:42:48.635,1.47424,1.47224,2.0200,1.3100
23.01.2014 00:42:50.013,1.47424,1.47224,1.7500,1.6100
23.01.2014 00:42:51.471,1.47424,1.47224,2.7000,2.4700
23.01.2014 00:42:52.985,1.47424,1.47224,1.0200,2.5000
23.01.2014 00:42:54.323,1.47424,1.47224,2.5100,2.4600
23.01.2014 00:42:55.673,1.47424,1.47224,1.3200,2.0200
23.01.2014 00:42:57.066,1.47427,1.47227,1.2800,2.0600
23.01.2014 00:42:58.467,1.47431,1.47231,1.7700,1.4800
23.01.2014 00:42:59.943,1.47429,1.47229,2.8600,2.2100
23.01.2014 00:43:01.341,1.47427,1.47227,1.0900,2.2400
23.01.2014 00:43:02.816,1.47426,1.47226,1.4300,1.3000
23.01.2014 00:43:04.122,1.47426,1.47226,2.9800,2.8200
23.01.2014 00:43:05.518,1.47425,1.47225,2.1000,2.1400
23.01.2014 00:43:06.976,1.47428,1.47228,2.6900,1.7300
23.01.2014 00:43:08.514,1.47428,1.47228,1.3400,1.7800
23.01.2014 00:43:10.023,1.47428,1.47228,2.2900,2.1800
